training_number;generation;generation_start_timestamp;generation_end_timestamp;generation_duration_seconds;fitness_best;fitness_worst;fitness_avg;fitness_median;fitness_std;distance_best;distance_worst;distance_avg;distance_median;distance_std;stability_best;stability_worst;stability_avg;stability_median;stability_std;energy_best;energy_worst;energy_avg;energy_median;energy_std;time_alive_best;time_alive_worst;time_alive_avg;time_alive_median;time_alive_std;absolute_best_fitness;absolute_best_distance;population_size;genome_length;current_time_limit;mutation_rate;crossover_rate;elite_size;usage_muscle0_contract_percent;usage_muscle0_extend_percent;usage_muscle1_contract_percent;usage_muscle1_extend_percent;usage_muscle2_contract_percent;usage_muscle2_extend_percent;usage_muscle3_contract_percent;usage_muscle3_extend_percent;usage_muscle4_contract_percent;usage_muscle4_extend_percent;usage_muscle5_contract_percent;usage_muscle5_extend_percent;usage_muscle6_contract_percent;usage_muscle6_extend_percent;usage_muscle7_contract_percent;usage_muscle7_extend_percent;usage_nothing_percent;usage_muscle0_total_percent;usage_muscle1_total_percent;usage_muscle2_total_percent;usage_muscle3_total_percent;usage_muscle4_total_percent;usage_muscle5_total_percent;usage_muscle6_total_percent;usage_muscle7_total_percent
1;0;2025-11-04 14:35:54;2025-11-04 14:35:54;0;394,0618377685547;70,82193603515626;209,6533732757568;211,32993984222412;56,97000890806695;1,4096183776855469;-1,8157806396484375;-0,4318262672424316;-0,4167006015777588;0,5703267601667633;1,0;1,0;1,0;1,0;0,0;458;482;471,64;472,0;5,465381962864078;500;500;500,0;500,0;0,0;0;0;50;500;500;0,1;0,7;5;5,86;5,83;5,71;6,01;6,04;6,08;5,93;5,94;5,86;5,97;5,9;5,8;5,76;5,93;5,78;5,94;5,67;11,69;11,72;12,12;11,87;11,83;11,7;11,69;11,72
1;1;2025-11-04 14:35:54;2025-11-04 14:35:55;1,407931;488,88703842163085;-159,4076456069946;277,8300024375916;273,3074478149414;99,5537088546637;2,0118703842163086;-2,8300764560699463;-0,06605997562408447;-0,14592552185058594;0,8704409509335082;1,0;0,0;0,98;1,0;0,13999999999999999;462;483;472,74;473,0;4,769947588810595;570;541;569,42;570,0;4,06;394,0618377685547;1,4096183776855469;50;570;570;0,1;0,7;5;6,39;5,6;5,6;5,48;6,21;5,85;5,85;6,12;6,22;5,46;5,97;5,98;5,84;6,18;6,01;5,8;5,45;11,99;11,08;12,06;11,97;11,68;11,95;12,02;11,81
1;2;2025-11-04 14:35:55;2025-11-04 14:35:57;1,814905;509,48765563964844;210,65128860473632;359,3269527435302;344,08047542572024;85,62234966180033;2,0648765563964844;-0,9244871139526367;0,5652695274353028;0,41730475425720215;0,8570603364204115;1,0;1,0;1,0;1,0;0,0;464;483;472,0;472,0;4,009987531152684;600;600;600,0;600,0;0,0;488,88703842163085;2,0118703842163086;50;600;600;0,1;0,7;5;6,96;5,22;5,53;5,36;6,26;5,82;5,77;6,36;6,46;5,27;6,12;5,74;6,22;6,11;5,84;5,36;5,6;12,18;10,89;12,08;12,13;11,73;11,86;12,33;11,2
1;3;2025-11-04 14:35:57;2025-11-04 14:35:58;1,448018;527,7345291137696;230,93236808776857;408,9631327819825;453,3674386978149;99,07777714790518;2,2363452911376953;-0,7286763191223145;1,0479313278198241;1,4921743869781494;0,9912141852252191;1,0;1,0;1,0;1,0;0,0;466;483;473,3;474,0;4,360045871318328;603;603;603,0;603,0;0,0;509,48765563964844;2,0648765563964844;50;603;603;0,1;0,7;5;7,18;5,54;6,04;5,18;5,96;5,61;6,08;6,63;5,98;5,6;5,18;6,17;6,14;6,44;5,97;4,97;5,34;12,72;11,22;11,57;12,71;11,58;11,35;12,58;10,94
1;4;2025-11-04 14:35:58;2025-11-04 14:36:00;1,437024;530,758634185791;244,07700386047364;452,0403888549805;477,3361246109009;81,16423152560945;2,22658634185791;-0,6432299613952637;1,4380638885498047;1,6938612461090088;0,8122879911774742;1,0;1,0;1,0;1,0;0,0;464;479;472,66;472,5;3,7449165544775496;611;611;611,0;611,0;0,0;527,7345291137696;2,2363452911376953;50;611;611;0,1;0,7;5;7,38;5,65;5,95;5,13;6,24;5,71;5,84;6,39;5,72;5,68;5,1;6,27;6,26;6,53;5,9;4,79;5,47;13,03;11,08;11,95;12,23;11,4;11,37;12,79;10,69
1;5;2025-11-04 14:36:00;2025-11-04 14:36:01;1,029956;530,758634185791;98,17195491790773;416,1272835273743;471,07709369659426;120,39712605574165;2,22658634185791;-2,101280450820923;1,0782528352737426;1,6272709369659424;1,203764685659095;1,0;1,0;1,0;1,0;0,0;464;481;471,98;471,5;3,5241452864489;611;611;611,0;611,0;0,0;530,758634185791;2,22658634185791;50;611;611;0,1;0,7;5;7,09;5,98;5,89;5,17;6,35;5,73;6,13;6,49;5,33;5,44;5,21;6,64;5,88;6,36;5,94;4,76;5,6;13,07;11,06;12,08;12,62;10,77;11,85;12,24;10,7
1;6;2025-11-04 14:36:01;2025-11-04 14:36:02;0,947556;542,658911895752;176,02866973876954;462,1535548477173;489,9787668228149;83,52119040686229;2,3395891189575195;-1,3237133026123047;1,538255548477173;1,8207876682281494;0,83479858849224;1,0;1,0;1,0;1,0;0,0;462;482;471,72;471,0;4,4001818144254;611;611;611,0;611,0;0,0;530,758634185791;2,22658634185791;50;611;611;0,1;0,7;5;7,03;5,66;6,24;5,2;6,24;5,36;6,61;6,08;5,14;5,47;5,44;6,34;5,7;6,5;6,17;5,19;5,66;12,69;11,44;11,6;12,69;10,61;11,78;12,2;11,36
1;7;2025-11-04 14:36:02;2025-11-04 14:36:03;0,963449;562,9160789489746;122,45650405883788;434,9042318878174;491,775604057312;120,85456356970829;2,525160789489746;-1,887434959411621;1,2399823188781738;1,8097560405731201;1,2092375261436792;1,0;1,0;1,0;1,0;0,0;464;479;470,94;470,0;3,8544000830220004;616;616;616,0;616,0;0,0;542,658911895752;2,3395891189575195;50;616;616;0,1;0,7;5;6,95;5,63;5,95;5,27;6,65;5,33;6,57;5,91;5,24;5,39;5,07;6,33;6,02;6,45;6,07;5,35;5,81;12,58;11,22;11,98;12,48;10,63;11,4;12,47;11,42
1;8;2025-11-04 14:36:03;2025-11-04 14:36:04;0,965857;570,465348815918;149,4517044067383;445,8669496765137;493,948585319519;115,0173402194719;2,5436534881591797;-1,6594829559326172;1,3004294967651366;1,7839858531951904;1,149181451047483;1,0;1,0;1,0;1,0;0,0;462;480;471,76;471,5;3,9271363612688575;626;626;626,0;626,0;0,0;562,9160789489746;2,525160789489746;50;626;626;0,1;0,7;5;6,68;5,39;5,77;5,08;6,79;5,21;6,58;6,39;5,18;5,77;4,98;6,73;6,03;6,3;6,14;5,33;5,65;12,07;10,85;12,0;12,97;10,95;11,71;12,33;11,47
1;9;2025-11-04 14:36:04;2025-11-04 14:36:05;0,972753;570,9115615844727;152,8370273590088;425,45440936279294;491,9275379180908;135,69319638149338;2,5431156158447266;-1,634629726409912;1,0910240936279296;1,7567753791809082;1,3570001070846893;1,0;1,0;1,0;1,0;0,0;463;477;471,48;472,0;3,5453631689856544;627;627;627,0;627,0;0,0;570,465348815918;2,5436534881591797;50;627;627;0,1;0,7;5;6,46;5,44;5,82;5,42;6,68;5,28;6,71;6,03;5,14;5,67;4,85;6,76;6,16;6,45;5,84;5,6;5,7;11,9;11,24;11,96;12,74;10,81;11,61;12,61;11,44
1;10;2025-11-04 14:36:05;2025-11-04 14:36:06;0,970026;580,8864601135253;171,35918006896972;446,6497602005005;499,5827075958252;124,6671137130767;2,650864601135254;-1,4474081993103027;1,303477602005005;1,836327075958252;1,2461316920495606;1,0;1,0;1,0;1,0;0,0;462;480;471,98;472,0;4,140000000000001;627;627;627,0;627,0;0,0;570,9115615844727;2,5431156158447266;50;627;627;0,1;0,7;5;6,48;5,36;5,78;5,38;6,55;5,12;6,87;5,94;5,26;5,89;4,92;6,66;6,15;6,68;5,71;5,66;5,6;11,84;11,16;11,67;12,81;11,15;11,58;12,83;11,37
1;11;2025-11-04 14:36:06;2025-11-04 14:36:07;0,99487;597,3512809753418;123,46967353820801;416,7747373123169;506,0775859832764;161,51519457281998;2,780512809753418;-1,95430326461792;0,9797273731231689;1,8652758598327637;1,6139988505820866;1,0;1,0;1,0;1,0;0,0;463;479;471,98;472,0;4,615148968343275;632;632;632,0;632,0;0,0;580,8864601135253;2,650864601135254;50;632;632;0,1;0,7;5;6,5;5,46;5,89;5,11;6,67;4,97;6,99;6,0;5,46;6,18;4,67;6,74;6,04;6,6;5,66;5,46;5,6;11,96;11,0;11,64;12,99;11,64;11,41;12,64;11,12
1;12;2025-11-04 14:36:07;2025-11-04 14:36:08;1,0099;600,9379699707031;134,11354942321776;407,56425791168215;407,1981800079346;141,12487775562667;2,786275863647461;-1,8758645057678223;0,8531025791168213;0,8464818000793457;1,4111439209696903;1,0;1,0;1,0;1,0;0,0;463;482;472,46;472,0;5,095919936576712;639;639;639,0;639,0;0,0;597,3512809753418;2,780512809753418;50;639;639;0,1;0,7;5;6,56;5,8;6,1;5,03;6,51;4,88;7,16;5,9;5,62;5,99;4,88;6,72;6,03;6,51;5,43;5,37;5,51;12,36;11,13;11,39;13,06;11,61;11,6;12,54;10,8
1;13;2025-11-04 14:36:08;2025-11-04 14:36:09;0,999821;600,9379699707031;208,03775291442872;460,8744602890015;517,9222202301025;126,49568355743715;2,786275863647461;-1,142622470855713;1,3870246028900146;1,9542222023010254;1,2642967714382551;1,0;1,0;1,0;1,0;0,0;464;489;473,28;472,5;4,996158524306449;639;639;639,0;639,0;0,0;600,9379699707031;2,7813796997070312;50;639;639;0,1;0,7;5;6,7;5,86;6,19;5,12;6,19;4,98;7,01;5,74;5,41;6,27;5,26;6,23;6,34;6,72;5,12;5,52;5,34;12,56;11,31;11,17;12,75;11,68;11,49;13,06;10,64
1;14;2025-11-04 14:36:09;2025-11-04 14:36:10;1,146297;600,9379699707031;163,28216247558595;466,2899875793457;539,476703262329;141,55235233722604;2,786275863647461;-1,5851783752441406;1,439739875793457;2,171267032623291;1,4156424826661942;1,0;1,0;1,0;1,0;0,0;462;481;471,84;472,5;4,851226649003322;639;639;639,0;639,0;0,0;600,9379699707031;2,7813796997070312;50;639;639;0,1;0,7;5;6,34;6,0;6,09;5,46;5,91;4,94;6,91;6,05;5,22;6,6;5,45;6,23;6,58;6,42;5,1;5,07;5,63;12,34;11,55;10,85;12,96;11,82;11,68;13,0;10,17
1;15;2025-11-04 14:36:10;2025-11-04 14:36:11;0,968704;601,2287857055665;186,7907287597656;501,10869460296635;546,3070140838623;115,77047098375193;2,786275863647461;-1,3590927124023438;1,787066946029663;2,239570140838623;1,1574602007181736;1,0;1,0;1,0;1,0;0,0;463;480;470,98;470,0;4,125481790045861;639;639;639,0;639,0;0,0;600,9379699707031;2,7813796997070312;50;639;639;0,1;0,7;5;6,54;6,06;5,79;5,72;6,38;5,15;6,74;5,83;5,17;6,36;5,42;5,91;6,26;6,63;5,22;5,01;5,8;12,6;11,51;11,53;12,57;11,53;11,33;12,89;10,23
1;16;2025-11-04 14:36:11;2025-11-04 14:36:12;1,086344;615,6681343078614;128,3732624053955;457,0592621917724;543,4293437957763;161,57425622665733;2,9356813430786133;-1,936267375946045;1,3454726219177247;2,2082934379577637;1,6163636242290718;1,0;1,0;1,0;1,0;0,0;460;480;469,88;470,0;4,164804917400094;639;639;639,0;639,0;0,0;601,2287857055665;2,785287857055664;50;639;639;0,1;0,7;5;6,44;5,8;5,78;5,61;6,27;5,02;6,85;5,78;5,11;6,38;5,45;6,25;6,26;6,62;5,39;4,97;6,02;12,24;11,39;11,29;12,63;11,49;11,7;12,88;10,36
1;17;2025-11-04 14:36:12;2025-11-04 14:36:13;0,998026;618,5842948913574;142,33818664550782;425,98164778900144;511,87770614624026;151,63276639852427;2,9393081665039062;-1,8406181335449219;1,0631964778900147;1,9590182304382324;1,529861330922113;1,0;0,0;0,98;1,0;0,13999999999999999;259;481;465,98;470,0;29,942271122945897;646;272;638,52;646,0;52,36;615,6681343078614;2,9356813430786133;50;646;646;0,1;0,7;5;6,42;6,24;5,94;5,6;6,03;5,14;6,35;5,95;5,28;6,14;5,56;6,02;6,23;6,42;5,4;5,33;5,95;12,66;11,54;11,17;12,3;11,42;11,58;12,65;10,73
1;18;2025-11-04 14:36:13;2025-11-04 14:36:14;1,017567;618,5842948913574;76,54118423461915;440,83838343811027;510,825085067749;149,23865152294712;2,929842948913574;-2,4975881576538086;1,1473638343811035;1,8517508506774902;1,4922883096884099;1,0;1,0;1,0;1,0;0,0;460;477;468,98;469,0;4,310406013358834;646;646;646,0;646,0;0,0;618,5842948913574;2,929842948913574;50;646;646;0,1;0,7;5;6,59;6,04;5,87;5,56;5,97;5,29;6,43;5,95;5,24;6,06;5,48;5,88;6,16;6,35;5,59;5,33;6,2;12,63;11,43;11,26;12,38;11,3;11,36;12,51;10,92
1;19;2025-11-04 14:36:14;2025-11-04 14:36:15;1,011071;622,089022064209;150,40760650634766;452,24698965454104;516,5486007690429;150,64055460364943;2,96189022064209;-1,7599239349365234;1,26122989654541;1,8969860076904297;1,5056565845580772;1,0;1,0;1,0;1,0;0,0;461;477;468,76;469,0;3,4208770805160484;646;646;646,0;646,0;0,0;618,5842948913574;2,929842948913574;50;646;646;0,1;0,7;5;6,67;5,68;5,56;5,8;6,34;5,29;6,1;6,15;5,16;6,3;5,38;6,11;5,98;6,22;5,61;5,41;6,25;12,35;11,36;11,63;12,25;11,46;11,49;12,2;11,02
1;20;2025-11-04 14:36:15;2025-11-04 14:36:16;1,005912;624,7149963378906;194,6903175354004;458,96271482849124;527,1278255462646;144,7347275411783;2,9771499633789062;-1,322096824645996;1,318487148284912;2,0032782554626465;1,4480300269007058;1,0;1,0;1,0;1,0;0,0;461;476;468,86;469,0;3,714888962001422;648;648;648,0;648,0;0,0;622,089022064209;2,96189022064209;50;648;648;0,1;0,7;5;6,58;6,07;5,38;5,8;6,34;5,1;6,1;5,96;5,08;6,21;5,62;5,84;6,14;6,62;5,72;5,21;6,23;12,65;11,18;11,44;12,06;11,29;11,46;12,76;10,93
1;21;2025-11-04 14:36:16;2025-11-04 14:36:17;1,01033;625,5231140136718;141,28047676086425;476,93991186523436;534,5703216552735;141,9427472065894;2,9822311401367188;-1,8591952323913574;1,4996591186523438;2,0747032165527344;1,4190505386028127;1,0;1,0;1,0;1,0;0,0;462;477;470,26;470,0;3,3811832248489586;648;648;648,0;648,0;0,0;624,7149963378906;2,9771499633789062;50;648;648;0,1;0,7;5;6,61;6,14;5,55;5,76;6,35;5,06;6,26;6,0;4,9;6,13;5,69;5,8;6,32;6,61;5,52;5,36;5,95;12,75;11,31;11,41;12,26;11,03;11,49;12,93;10,88
1;22;2025-11-04 14:36:17;2025-11-04 14:36:18;1,020278;625,9108665466308;187,05735702514647;472,9004292144775;533,982500076294;145,25098609880777;2,9811086654663086;-1,4064264297485352;1,4898642921447753;2,0900115966796875;1,4645586401940893;1,0;0,0;0,98;1,0;0,13999999999999999;460;479;469,36;469,5;3,8769059828682977;649;584;647,7;649,0;9,1;625,5231140136718;2,9822311401367188;50;649;649;0,1;0,7;5;6,77;6,52;5,65;5,9;6,03;4,89;6,15;6,38;5,05;5,93;5,62;5,92;6,24;6,44;5,21;5,17;6,13;13,29;11,55;10,92;12,53;10,98;11,54;12,68;10,38
1;23;2025-11-04 14:36:18;2025-11-04 14:36:19;1,026046;638,4577583312988;196,7646099090576;465,0004473495483;514,8349977493286;133,62166744378422;3,1105775833129883;-1,3083539009094238;1,4142044734954835;1,9117770195007324;1,3521398184219164;1,0;0,0;0,98;1,0;0,13999999999999999;462;475;470,0;470,0;2,7422618401604177;649;557;647,16;649,0;12,88;625,9108665466308;2,9811086654663086;50;649;649;0,1;0,7;5;6,86;6,71;5,89;5,81;6,0;4,82;6,25;6,23;5,16;5,72;5,54;6,05;5,76;6,42;5,36;5,43;6,0;13,57;11,7;10,82;12,48;10,88;11,59;12,18;10,79
1;24;2025-11-04 14:36:19;2025-11-04 14:36:20;1,028126;642,5264457702636;134,18834266662597;472,50383779144283;553,0109851837158;152,6548020069797;3,1212644577026367;-1,9641165733337402;1,4198783779144286;2,224609851837158;1,5264604008700482;1,0;1,0;1,0;1,0;0,0;463;476;469,84;470,0;2,5796123739817967;655;655;655,0;655,0;0,0;638,4577583312988;3,1105775833129883;50;655;655;0,1;0,7;5;7,08;6,76;5,73;5,56;5,85;4,84;6,53;6,03;5,32;5,6;5,56;5,98;5,8;6,53;5,42;5,39;6,03;13,84;11,29;10,69;12,56;10,92;11,54;12,33;10,81
1;25;2025-11-04 14:36:20;2025-11-04 14:36:21;1,027332;643,2714447021484;179,676021194458;500,1179565353393;546,3141700744629;135,14554231353773;3,1237144470214844;-1,51423978805542;1,6912595653533935;2,153641700744629;1,3522013567267783;1,0;1,0;1,0;1,0;0,0;462;476;470,08;470,0;2,9855652731099345;656;656;656,0;656,0;0,0;642,5264457702636;3,1212644577026367;50;656;656;0,1;0,7;5;7,08;6,96;5,74;5,65;5,74;4,85;6,26;5,78;5,14;5,94;5,74;5,74;5,68;6,58;5,97;5,18;5,98;14,04;11,39;10,59;12,04;11,08;11,48;12,26;11,15
1;26;2025-11-04 14:36:21;2025-11-04 14:36:22;1,028432;648,604434967041;122,61637344360352;454,5338215637207;540,0344226837158;162,0454960519591;3,17104434967041;-2,087836265563965;1,283038215637207;2,163621425628662;1,632897022038731;1,0;0,0;0,98;1,0;0,13999999999999999;445;476;469,3;470,0;4,535416188179426;656;472;652,32;656,0;25,759999999999998;643,2714447021484;3,1237144470214844;50;656;656;0,1;0,7;5;7,14;6,9;5,86;5,58;5,74;4,83;6,49;5,45;5,18;6,11;5,85;5,32;5,74;6,65;5,91;5,22;6,03;14,04;11,44;10,57;11,94;11,29;11,17;12,39;11,13
1;27;2025-11-04 14:36:22;2025-11-04 14:36:23;1,037098;649,1742324829102;204,99040298461915;505,22926564788816;548,1684093475342;120,09531363181782;3,1667423248291016;-1,2680959701538086;1,774732656478882;2,22227144241333;1,2119362534189713;1,0;0,0;0,98;1,0;0,13999999999999999;463;476;468,94;469,0;2,9826833556380064;658;523;655,3;658,0;18,900000000000002;648,604434967041;3,17104434967041;50;658;658;0,1;0,7;5;7,09;6,66;5,81;5,46;5,69;5,07;6,59;5,58;5,22;5,86;5,64;5,76;5,79;6,2;5,83;5,53;6,21;13,75;11,27;10,76;12,17;11,08;11,4;11,99;11,36
1;28;2025-11-04 14:36:23;2025-11-04 14:36:24;1,136635;649,1742324829102;203,14657325744628;522,2060496673583;563,7277084350586;119,28184295445115;3,1667423248291016;-1,280534267425537;1,901700496673584;2,318777084350586;1,1927777269428177;1,0;1,0;1,0;1,0;0,0;460;478;469,64;469,5;3,410337226726999;658;658;658,0;658,0;0,0;649,1742324829102;3,1667423248291016;50;658;658;0,1;0,7;5;7,29;6,47;5,68;5,77;5,61;5,25;6,66;5,22;5,2;6,26;5,92;5,27;5,88;6,43;5,73;5,27;6,07;13,76;11,45;10,86;11,88;11,46;11,19;12,31;11,0
1;29;2025-11-04 14:36:24;2025-11-04 14:36:26;1,055428;649,1742324829102;164,54942169189454;512,4101156311035;546,8549167633057;120,33669310061289;3,1667423248291016;-1,6735057830810547;1,8035211563110352;2,1452040672302246;1,2035359840778215;1,0;1,0;1,0;1,0;0,0;461;478;469,42;469,0;3,4703890271841287;658;658;658,0;658,0;0,0;649,1742324829102;3,1667423248291016;50;658;658;0,1;0,7;5;7,39;6,88;6,0;5,78;5,64;5,03;6,3;4,8;5,8;6,44;5,82;4,85;5,67;6,59;5,61;5,29;6,12;14,27;11,78;10,67;11,1;12,24;10,67;12,26;10,9
1;30;2025-11-04 14:36:26;2025-11-04 14:36:27;1,021165;649,1742324829102;150,00059547424317;502,93620021820067;558,2345329284668;136,95079319939896;3,1667423248291016;-1,8189940452575684;1,708562002182007;2,258845329284668;1,3695173605934603;1,0;1,0;1,0;1,0;0,0;463;477;469,2;469,0;3,162277660168379;658;658;658,0;658,0;0,0;649,1742324829102;3,1667423248291016;50;658;658;0,1;0,7;5;7,24;6,9;5,87;5,72;5,56;5,14;6,39;4,81;6,01;6,66;5,55;4,95;5,58;6,94;5,72;4,8;6,16;14,14;11,59;10,7;11,2;12,67;10,5;12,52;10,52
1;31;2025-11-04 14:36:27;2025-11-04 14:36:28;1,04088;649,1742324829102;172,86688804626465;462,04897209930414;544,9098964691161;159,64745540881236;3,1667423248291016;-1,5963311195373535;1,299309720993042;2,128098964691162;1,5959410740903122;1,0;1,0;1,0;1,0;0,0;459;476;468,82;469,0;3,1918019988714836;658;658;658,0;658,0;0,0;649,1742324829102;3,1667423248291016;50;658;658;0,1;0,7;5;7,28;6,79;5,79;5,75;5,49;5,1;6,17;4,94;5,96;6,76;5,63;4,85;5,66;6,81;5,85;4,94;6,24;14,07;11,54;10,59;11,11;12,72;10,48;12,47;10,79
1;32;2025-11-04 14:36:28;2025-11-04 14:36:29;1,036488;649,1742324829102;146,86973037719727;445,96244247436533;511,70969104766846;171,84100560215927;3,1667423248291016;-1,8503026962280273;1,1388244247436523;1,7945969104766846;1,717210097211664;1,0;1,0;1,0;1,0;0,0;460;479;469,2;469,0;4,093897898091744;658;658;658,0;658,0;0,0;649,1742324829102;3,1667423248291016;50;658;658;0,1;0,7;5;7,15;7,07;5,86;5,68;5,57;5,04;6,27;4,88;6,0;6,52;5,66;5,0;5,7;6,8;5,74;4,89;6,16;14,22;11,54;10,61;11,15;12,52;10,66;12,5;10,63
1;33;2025-11-04 14:36:29;2025-11-04 14:36:30;1,018444;649,1742324829102;171,94286994934083;480,85891365814206;545,79633102417;142,5971604502202;3,1667423248291016;-1,5985713005065918;1,4871091365814209;2,134463310241699;1,4255015870165928;1,0;1,0;1,0;1,0;0,0;460;480;468,52;469,0;3,930597918892239;658;658;658,0;658,0;0,0;649,1742324829102;3,1667423248291016;50;658;658;0,1;0,7;5;7,2;6,96;5,88;5,75;5,56;5,26;6,38;4,81;6,09;6,74;5,48;4,74;5,66;6,83;5,61;4,76;6,3;14,16;11,63;10,82;11,19;12,83;10,22;12,49;10,37
1;34;2025-11-04 14:36:30;2025-11-04 14:36:31;1,031047;649,1742324829102;121,8120330810547;448,3895925941467;523,0755100250244;167,11409197550472;3,1667423248291016;-2,100879669189453;1,1624559259414673;1,9082551002502441;1,670731351277666;1,0;1,0;1,0;1,0;0,0;460;476;468,56;469,0;4,035641212992057;658;658;658,0;658,0;0,0;649,1742324829102;3,1667423248291016;50;658;658;0,1;0,7;5;7,06;6,96;5,67;5,79;5,45;5,38;6,49;4,83;5,95;6,76;5,54;4,84;5,8;6,72;5,81;4,68;6,29;14,02;11,46;10,83;11,32;12,71;10,38;12,52;10,49
1;35;2025-11-04 14:36:31;2025-11-04 14:36:32;1,032176;649,1742324829102;155,63909530639648;439,0286171875;460,3436557769776;153,89151883964763;3,1667423248291016;-1,7686090469360352;1,069326171875;1,2864365577697754;1,5389020854923656;1,0;1,0;1,0;1,0;0,0;461;478;469,04;468,0;4,024723592993685;658;658;658,0;658,0;0,0;649,1742324829102;3,1667423248291016;50;658;658;0,1;0,7;5;7,23;6,94;5,72;5,56;5,36;5,37;6,42;4,96;5,74;6,69;5,58;4,74;5,93;6,94;5,74;4,88;6,19;14,17;11,28;10,73;11,38;12,43;10,32;12,87;10,62
1;36;2025-11-04 14:36:32;2025-11-04 14:36:33;1,048995;649,1742324829102;121,95323181152344;443,6563110656739;490,11670703887944;159,30819681894818;3,1667423248291016;-2,1004676818847656;1,1152431106567382;1,576667070388794;1,5925108339503862;1,0;1,0;1,0;1,0;0,0;462;478;468,68;469,0;3,802315084261166;658;658;658,0;658,0;0,0;649,1742324829102;3,1667423248291016;50;658;658;0,1;0,7;5;7,19;6,68;5,76;5,57;5,36;5,49;6,75;4,84;5,79;6,74;5,39;4,9;5,96;6,85;5,88;4,6;6,26;13,87;11,33;10,85;11,59;12,53;10,29;12,81;10,48
1;37;2025-11-04 14:36:33;2025-11-04 14:36:34;1,036689;649,1742324829102;136,72414283752443;460,46915962982183;545,4734790802001;163,2927261656207;3,1667423248291016;-1,9557585716247559;1,2829115962982178;2,129234790802002;1,6330378268812604;1,0;1,0;1,0;1,0;0,0;460;476;468,22;468,5;3,5116377945340553;658;658;658,0;658,0;0,0;649,1742324829102;3,1667423248291016;50;658;658;0,1;0,7;5;7,0;6,86;5,71;5,57;5,36;5,18;6,48;4,81;6,15;6,83;5,43;4,95;6,02;6,86;5,85;4,6;6,36;13,86;11,28;10,54;11,29;12,98;10,38;12,88;10,45
1;38;2025-11-04 14:36:34;2025-11-04 14:36:35;1,07745;649,1742324829102;141,56577110290527;429,80393703460703;423,4973222732544;153,01619472836873;3,1667423248291016;-1,9093422889709473;0,9772393703460693;0,915473222732544;1,5299291124945695;1,0;1,0;1,0;1,0;0,0;463;476;469,2;469,5;3,255764119219941;658;658;658,0;658,0;0,0;649,1742324829102;3,1667423248291016;50;658;658;0,1;0,7;5;6,95;6,68;5,7;5,75;5,35;5,1;6,58;4,93;5,97;6,78;5,68;4,73;5,89;7,12;5,99;4,63;6,16;13,63;11,45;10,45;11,51;12,75;10,41;13,01;10,62
1;39;2025-11-04 14:36:35;2025-11-04 14:36:36;1,132983;649,1742324829102;228,24934196472168;482,55341571807855;529,3179189682007;130,6067114092345;3,4875106811523438;-1,0375065803527832;1,5436341571807861;1,99725341796875;1,3345887624114234;1,0;0,0;0,98;1,0;0,13999999999999999;459;477;468,9;469,0;3,8691084244306206;658;566;656,16;658,0;12,88;649,1742324829102;3,1667423248291016;50;658;658;0,1;0,7;5;6,75;6,34;5,83;5,65;5,49;5,21;6,81;4,93;6,07;6,39;5,73;4,95;5,58;7,07;6,22;4,76;6,22;13,09;11,48;10,7;11,74;12,46;10,68;12,65;10,98
1;40;2025-11-04 14:36:36;2025-11-04 14:36:37;1,085866;654,6171020507812;124,29711799621583;492,31613070678713;536,5698921203614;139,91663870435;3,1471710205078125;-2,155028820037842;1,5214413070678712;1,9661989212036133;1,3996383746334602;1,0;1,0;1,0;1,0;0,0;460;475;468,28;468,0;3,677172827050695;674;674;674,0;674,0;0,0;649,1742324829102;3,1667423248291016;50;674;674;0,1;0,7;5;6,79;6,3;5,8;5,46;5,48;5,37;6,68;5,06;5,72;6,54;5,54;5,27;5,65;7,29;6,15;4,56;6,34;13,09;11,26;10,85;11,74;12,26;10,81;12,94;10,71
1;41;2025-11-04 14:36:37;2025-11-04 14:36:38;1,007809;667,204271697998;147,8962032318115;486,55605470275873;553,9333618164062;144,97200749818276;3,3580427169799805;-1,8380379676818848;1,603900547027588;2,2923269271850586;1,4571777272374844;1,0;0,0;0,98;1,0;0,13999999999999999;380;476;468,14;470,0;12,958410396341057;657;405;651,96;657,0;35,28;654,6171020507812;3,1471710205078125;50;657;657;0,1;0,7;5;6,83;6,8;5,99;5,5;5,61;5,3;6,66;4,78;5,64;6,73;5,32;4,88;5,73;7,43;6,01;4,78;6,02;13,63;11,49;10,91;11,44;12,37;10,2;13,16;10,79
1;42;2025-11-04 14:36:38;2025-11-04 14:36:39;1,105816;674,5050109863281;158,27713851928712;478,37700707244875;537,827169418335;154,93824259993306;3,503655433654785;-1,780228614807129;1,4590900707244874;2,089332103729248;1,5757039976127905;1,0;0,0;0,98;1,0;0,13999999999999999;460;475;469,72;470,0;3,6168494577463415;667;561;664,88;667,0;14,839999999999998;667,204271697998;3,3580427169799805;50;667;667;0,1;0,7;5;6,96;6,77;5,8;5,56;5,49;5,21;6,93;4,83;5,39;6,6;5,74;4,84;5,69;7,33;5,79;5,0;6,06;13,73;11,36;10,7;11,76;11,99;10,58;13,02;10,79
1;43;2025-11-04 14:36:39;2025-11-04 14:36:40;1,082134;679,9290374755859;210,31325149536133;490,7212758712768;542,7676872253419;148,86416977100666;3,7781925201416016;-1,3018674850463867;1,6325327587127685;2,337996482849121;1,5513949260541102;1,0;0,0;0,94;1,0;0,23748684174075835;464;475;469,72;470,0;2,8287099533179436;675;504;666,88;675,0;32,82355251949429;674,5050109863281;3,3810501098632812;50;675;675;0,1;0,7;5;7,06;6,33;5,98;5,69;5,45;5,08;6,52;4,83;5,51;6,53;5,8;4,81;5,84;7,52;5,98;5,0;6,06;13,39;11,67;10,53;11,35;12,04;10,61;13,36;10,98
1;44;2025-11-04 14:36:40;2025-11-04 14:36:41;1,06619;685,5509895324707;176,89307174682617;470,2027608642578;515,5067068099976;145,86657562169094;3,386509895324707;-1,7020692825317383;1,2322676086425781;1,6865670680999756;1,4583698376608087;1,0;1,0;1,0;1,0;0,0;464;476;470,24;470,0;2,818226392609366;688;688;688,0;688,0;0,0;679,9290374755859;3,3952903747558594;50;688;688;0,1;0,7;5;6,69;6,48;5,85;5,57;5,29;5,25;6,77;4,82;5,84;6,53;5,97;4,81;5,78;7,48;5,97;4,94;5,95;13,17;11,42;10,54;11,59;12,37;10,78;13,26;10,91
1;45;2025-11-04 14:36:41;2025-11-04 14:36:43;1,027612;675,9666847229004;223,0377342224121;503,3008278503418;541,821125793457;113,36847425061421;3,385666847229004;-1,146622657775879;1,657368278503418;2,0427112579345703;1,133986194690618;1,0;1,0;1,0;1,0;0,0;462;478;469,36;469,0;3,6208286344426743;669;669;669,0;669,0;0,0;685,5509895324707;3,386509895324707;50;669;669;0,1;0,7;5;6,46;6,25;5,72;5,72;5,37;5,33;6,87;4,97;5,86;6,1;5,91;5,08;5,75;7,37;5,79;5,34;6,13;12,71;11,44;10,7;11,84;11,96;10,99;13,12;11,13
1;46;2025-11-04 14:36:43;2025-11-04 14:36:44;1,039771;675,9666847229004;152,35919227600098;478,49247412872313;539,7635568618775;137,7329699258479;3,385666847229004;-1,8504080772399902;1,4509047412872313;2,0504865646362305;1,3933348863665556;1,0;0,0;0,98;1,0;0,13999999999999999;461;480;469,18;469,0;4,371224084853121;669;551;666,64;669,0;16,52;685,5509895324707;3,386509895324707;50;669;669;0,1;0,7;5;6,37;6,06;5,6;5,64;5,24;5,32;6,82;5,06;5,92;5,9;5,79;5,71;5,72;7,58;5,86;5,26;6,16;12,43;11,24;10,56;11,88;11,82;11,5;13,3;11,12
1;47;2025-11-04 14:36:44;2025-11-04 14:36:45;1,14794;675,9666847229004;171,92157249450685;473,26768708038327;508,19009952545167;132,30625405434668;3,496337890625;-1,6537842750549316;1,396196870803833;1,736804485321045;1,355521435544319;1,0;0,0;0,98;1,0;0,13999999999999999;460;478;469,52;470,5;4,916258740139701;669;579;667,2;669,0;12,6;685,5509895324707;3,386509895324707;50;669;669;0,1;0,7;5;6,51;6,36;5,7;5,55;5,48;5,1;6,78;5,1;5,81;6,07;5,91;5,21;5,65;7,47;5,89;5,31;6,1;12,87;11,25;10,58;11,88;11,88;11,12;13,12;11,2
1;48;2025-11-04 14:36:45;2025-11-04 14:36:46;1,172969;679,324991607666;182,0353816986084;445,2085272598267;494,8893358230591;157,2630091820472;3,39424991607666;-1,578646183013916;1,0527852725982667;1,5468933582305908;1,5718073531210337;1,0;1,0;1,0;1,0;0,0;461;480;470,7;471,0;5,012983143797713;674;674;674,0;674,0;0,0;685,5509895324707;3,386509895324707;50;674;674;0,1;0,7;5;6,56;6,38;5,73;5,44;5,5;5,32;6,67;5,29;5,96;6,08;5,63;5,5;5,62;7,39;5,76;5,32;5,86;12,94;11,17;10,82;11,96;12,04;11,13;13,01;11,08
1;49;2025-11-04 14:36:46;2025-11-04 14:36:47;1,16511;675,9666847229004;139,91106491088868;491,82740854644777;543,2444049835206;133,07013726027287;3,385666847229004;-1,9738893508911133;1,5438340854644776;2,067944049835205;1,3307015759722771;1,0;1,0;1,0;1,0;0,0;460;481;470,56;470,0;5,072119872400494;669;669;669,0;669,0;0,0;685,5509895324707;3,386509895324707;50;669;669;0,1;0,7;5;6,49;6,32;5,89;5,27;5,48;5,43;6,86;5,26;6,01;6,07;5,72;5,63;5,72;7,23;5,68;5,06;5,89;12,81;11,16;10,91;12,12;12,08;11,35;12,95;10,74
1;50;2025-11-04 14:36:47;2025-11-04 14:36:48;1,139144;675,9666847229004;210,18740615844726;505,486794883728;552,068244934082;129,18046120113448;3,385666847229004;-1,2691259384155273;1,7220479488372802;2,162688732147217;1,296799225707686;1,0;0,0;0,98;1,0;0,13999999999999999;464;481;472,88;473,0;3,9478601798949264;669;576;667,14;669,0;13,02;685,5509895324707;3,386509895324707;50;669;669;0,1;0,7;5;6,55;6,51;5,96;5,48;5,38;4,97;6,98;5,18;5,92;6,28;5,54;5,25;5,58;7,63;6,11;5,24;5,42;13,06;11,44;10,35;12,16;12,2;10,79;13,21;11,35
1;51;2025-11-04 14:36:48;2025-11-04 14:36:49;1,09085;675,9666847229004;170,01714706420898;497,39781122589113;550,8320461273192;138,2207752422596;3,385666847229004;-1,6748285293579102;1,598938112258911;2,1348204612731934;1,3818744999762247;1,0;1,0;1,0;1,0;0,0;461;479;469,96;470,0;3,8727767815870826;669;669;669,0;669,0;0,0;685,5509895324707;3,386509895324707;50;669;669;0,1;0,7;5;6,37;6,3;5,54;5,42;5,23;5,27;7,06;5,28;5,91;6,0;5,64;5,54;5,84;7,54;5,88;5,15;6,01;12,67;10,96;10,5;12,34;11,91;11,18;13,38;11,03
1;52;2025-11-04 14:36:49;2025-11-04 14:36:50;1,054768;675,9666847229004;201,8777805328369;470,71759731292724;517,4363634109498;144,5241296846596;3,385666847229004;-1,3622221946716309;1,3314759731292725;1,802363634109497;1,446010837623717;1,0;1,0;1,0;1,0;0,0;464;480;469,3;469,0;3,4014702703389896;669;669;669,0;669,0;0,0;685,5509895324707;3,386509895324707;50;669;669;0,1;0,7;5;6,45;6,22;5,39;5,41;5,62;5,31;7,02;5,4;5,76;6,04;5,95;5,78;5,99;6,88;5,86;4,79;6,14;12,67;10,8;10,93;12,42;11,8;11,73;12,87;10,65
1;53;2025-11-04 14:36:50;2025-11-04 14:36:51;1,076173;675,9666847229004;207,42618103027343;495,9177767944336;553,7577716827393;138,63766711843041;3,4218435287475586;-1,3027381896972656;1,626977767944336;2,185324192047119;1,4096785841689587;1,0;0,0;0,98;1,0;0,13999999999999999;463;483;470,2;469,0;4,275511665286389;669;543;666,48;669,0;17,639999999999997;685,5509895324707;3,386509895324707;50;669;669;0,1;0,7;5;6,63;6,48;5,59;5,54;5,38;5,13;7,18;5,15;5,66;6,24;5,8;5,62;5,99;6,94;5,86;4,87;5,96;13,11;11,13;10,51;12,33;11,9;11,42;12,93;10,73
1;54;2025-11-04 14:36:51;2025-11-04 14:36:53;1,402404;677,3702796936035;170,7897434234619;481,5160838241577;525,76146068573;145,50285032660062;3,389702796936035;-1,6771025657653809;1,4305408382415772;1,8761146068572998;1,4555807628904869;1,0;1,0;1,0;1,0;0,0;462;480;470,38;470,5;3,9541876536148357;671;671;671,0;671,0;0,0;685,5509895324707;3,386509895324707;50;671;671;0,1;0,7;5;6,55;6,36;5,56;5,5;5,4;5,33;7,07;5,2;5,68;6,25;5,76;5,53;5,91;7,1;6,06;4,82;5,92;12,91;11,06;10,73;12,27;11,93;11,29;13,01;10,88
1;55;2025-11-04 14:36:53;2025-11-04 14:36:54;1,213501;675,9666847229004;178,7701316833496;436,84628279876705;499,0155241012573;160,26182552150536;3,385666847229004;-1,583298683166504;0,994142827987671;1,6181552410125732;1,602604738089012;1,0;1,0;1,0;1,0;0,0;463;479;470,68;470,5;3,6684601674271997;669;669;669,0;669,0;0,0;685,5509895324707;3,386509895324707;50;669;669;0,1;0,7;5;6,68;6,46;5,69;5,51;5,29;5,42;7,0;5,09;5,6;6,29;5,74;5,51;5,75;7,28;5,98;4,86;5,86;13,14;11,2;10,71;12,09;11,89;11,25;13,03;10,84
1;56;2025-11-04 14:36:54;2025-11-04 14:36:55;1,035626;675,9666847229004;214,29945487976073;510,82070545959476;562,033589553833;121,9682400386753;3,385666847229004;-1,2340054512023926;1,7337270545959473;2,25083589553833;1,2202259162402151;1,0;1,0;1,0;1,0;0,0;461;482;470,52;470,5;5,032852074122585;669;669;669,0;669,0;0,0;685,5509895324707;3,386509895324707;50;669;669;0,1;0,7;5;6,83;6,36;5,66;5,24;5,15;5,35;7,17;5,19;5,87;6,25;5,62;5,32;5,72;7,4;6,11;4,86;5,9;13,19;10,9;10,5;12,36;12,12;10,94;13,12;10,97
1;57;2025-11-04 14:36:55;2025-11-04 14:36:56;1,045882;675,9666847229004;170,5749366760254;487,49509964752195;548,2414360046387;150,89612274418135;3,385666847229004;-1,667250633239746;1,5473709964752198;2,141969680786133;1,519504013424642;1,0;0,0;0,98;1,0;0,13999999999999999;458;480;472,12;472,0;4,697403538126142;669;516;665,94;669,0;21,419999999999998;685,5509895324707;3,386509895324707;50;669;669;0,1;0,7;5;6,94;6,69;5,94;5,54;5,1;4,92;6,85;5,09;5,76;6,48;5,42;5,34;5,53;7,4;6,3;5,15;5,58;13,63;11,48;10,02;11,94;12,24;10,76;12,93;11,45
1;58;2025-11-04 14:36:56;2025-11-04 14:36:57;1,04249;675,9666847229004;191,31320762634277;483,18161635589604;540,2627286911011;137,78639377809492;3,385666847229004;-1,4668679237365723;1,55279616355896;2,1189661026000977;1,3877371758383754;1,0;0,0;0,96;1,0;0,19595917942265428;420;482;471,68;473,0;8,737139119872134;669;446;662,14;669,0;35,14997012801007;685,5509895324707;3,386509895324707;50;669;669;0,1;0,7;5;6,77;6,71;5,8;5,5;5,24;4,83;6,78;5,07;5,78;6,55;5,44;5,46;5,7;7,48;6,31;5,12;5,46;13,48;11,3;10,07;11,85;12,33;10,9;13,18;11,43
1;59;2025-11-04 14:36:57;2025-11-04 14:36:58;1,061466;684,3690582275391;162,6443977355957;484,69343927001944;537,7870891571044;147,59231563216142;3,6326217651367188;-1,743556022644043;1,5136743927001952;2,02189302444458;1,5066545554011146;1,0;0,0;0,98;1,0;0,13999999999999999;461;482;471,74;472,0;4,853081495297602;669;569;667,0;669,0;14,0;685,5509895324707;3,386509895324707;50;669;669;0,1;0,7;5;6,65;6,5;5,87;5,48;5,13;4,99;6,67;5,47;5,82;6,31;5,04;5,49;5,76;7,69;6,24;5,23;5,65;13,15;11,35;10,12;12,14;12,13;10,53;13,45;11,47
1;60;2025-11-04 14:36:58;2025-11-04 14:36:59;1,064074;695,762467956543;164,91221504211427;473,4562176361084;535,4788547515868;152,1033013109154;3,5266246795654297;-1,7838778495788574;1,301422176361084;1,9237885475158691;1,5219084874495776;1,0;1,0;1,0;1,0;0,0;464;482;471,86;471,5;4,749778942224575;681;681;681,0;681,0;0,0;685,5509895324707;3,386509895324707;50;681;681;0,1;0,7;5;6,22;6,42;5,98;5,62;5,3;5,16;6,56;5,52;5,9;6,22;5,15;5,51;5,76;7,69;6,1;5,26;5,63;12,64;11,6;10,46;12,08;12,12;10,66;13,45;11,36
1;61;2025-11-04 14:36:59;2025-11-04 14:37:01;1,146099;691,2230354309082;213,73832511901855;462,8296889419555;515,7819704055786;140,56775381528954;3,506230354309082;-1,2676167488098145;1,2206768894195557;1,7538197040557861;1,4054850794819307;1,0;1,0;1,0;1,0;0,0;463;480;472,38;472,0;3,632574844376919;676;676;676,0;676,0;0,0;695,762467956543;3,5266246795654297;50;676;676;0,1;0,7;5;6,1;6,61;6,24;5,59;5,14;4,99;6,46;5,11;6,15;6,08;4,98;5,31;5,5;8,35;6,31;5,56;5,52;12,71;11,83;10,13;11,57;12,23;10,29;13,85;11,87
1;62;2025-11-04 14:37:01;2025-11-04 14:37:02;1,086861;690,2578330993653;200,70820350646972;498,8137566223145;545,6271236419677;131,0918423898026;3,5015783309936523;-1,3949179649353027;1,5844975662231446;2,0507712364196777;1,3113790854390086;1,0;1,0;1,0;1,0;0,0;464;478;471,36;471,0;3,1353468707624677;675;675;675,0;675,0;0,0;695,762467956543;3,5266246795654297;50;675;675;0,1;0,7;5;6,19;6,36;6,29;5,75;5,31;5,14;6,06;4,89;6,37;6,0;5,02;5,07;5,44;8,68;6,17;5,54;5,73;12,55;12,04;10,45;10,95;12,37;10,09;14,12;11,71
1;63;2025-11-04 14:37:02;2025-11-04 14:37:03;1,082462;690,2578330993653;187,89744148254394;491,72889360046383;536,9799533843994;137,76948615372842;3,5015783309936523;-1,5220255851745605;1,5559289360046387;2,0751395225524902;1,3965849958211094;1,0;0,0;0,98;1,0;0,13999999999999999;463;480;471,64;471,0;3,7776182972873267;675;555;672,6;675,0;16,8;695,762467956543;3,5266246795654297;50;675;675;0,1;0,7;5;6,43;6,39;6,08;5,63;5,21;5,09;6,44;4,68;6,36;6,12;4,92;5,11;5,41;8,61;6,19;5,66;5,67;12,82;11,71;10,3;11,12;12,48;10,03;14,02;11,85
1;64;2025-11-04 14:37:03;2025-11-04 14:37:04;1,074875;690,2578330993653;145,26962280273438;498,12343227386475;559,8900497436523;143,6353526139695;3,5015783309936523;-1,9473037719726562;1,5800343227386475;2,1984004974365234;1,4363263643599764;1,0;1,0;1,0;1,0;0,0;465;483;473,8;474,0;3,4234485537247377;675;675;675,0;675,0;0,0;695,762467956543;3,5266246795654297;50;675;675;0,1;0,7;5;6,39;6,56;6,17;5,77;4,88;5,17;6,51;5,11;6,29;5,99;4,74;5,19;5,22;8,54;6,61;5,61;5,24;12,95;11,94;10,05;11,62;12,28;9,93;13,76;12,22
1;65;2025-11-04 14:37:04;2025-11-04 14:37:05;1,086398;690,2578330993653;185,81422805786133;486,4159023666382;550,749789428711;147,8167444235505;3,5015783309936523;-1,5418577194213867;1,5017590236663818;2,1269736289978027;1,491768984546363;1,0;0,0;0,98;1,0;0,13999999999999999;467;482;474,3;474,0;3,269556544854363;675;592;673,34;675,0;11,62;695,762467956543;3,5266246795654297;50;675;675;0,1;0,7;5;6,34;6,62;6,2;5,82;5,08;4,94;6,31;4,89;6,41;6,1;4,78;5,0;5,36;8,78;6,42;5,8;5,14;12,96;12,02;10,02;11,2;12,51;9,78;14,14;12,22
1;66;2025-11-04 14:37:05;2025-11-04 14:37:06;1,078167;690,2578330993653;193,15632400512695;470,3480357589722;543,1640285491944;148,63517231797653;3,5015783309936523;-1,4744367599487305;1,3770403575897217;2,109510898590088;1,523522867213023;1,0;0,0;0,96;1,0;0,19595917942265428;465;480;472,96;473,5;3,5886487707771013;675;556;671,88;675,0;17,345477796820703;695,762467956543;3,5266246795654297;50;675;675;0,1;0,7;5;6,16;6,81;6,17;5,88;5,26;4,86;6,29;4,73;6,48;6,01;4,84;5,02;5,52;8,6;6,29;5,68;5,41;12,97;12,05;10,12;11,02;12,49;9,86;14,12;11,97
1;67;2025-11-04 14:37:06;2025-11-04 14:37:07;1,059117;690,2578330993653;206,68013076782228;485,76694300079345;528,028056716919;135,38202629622458;3,5015783309936523;-1,3311986923217773;1,5704294300079347;1,9819903373718262;1,4074935073145098;1,0;0,0;0,94;1,0;0,23748684174075838;463;480;473,16;474,0;4,173056433838393;675;570;670,08;675,0;20,03381141969745;695,762467956543;3,5266246795654297;50;675;675;0,1;0,7;5;6,23;6,65;6,28;5,91;5,27;4,92;6,43;4,87;6,44;6,2;4,81;5,09;5,54;8,32;6,22;5,46;5,37;12,88;12,19;10,19;11,3;12,64;9,9;13,86;11,68
1;68;2025-11-04 14:37:07;2025-11-04 14:37:08;1,060072;690,2578330993653;181,06192588806152;495,2675836486817;548,6530410766602;136,24693763394833;3,5015783309936523;-1,5893807411193848;1,5962558364868165;2,1059727668762207;1,3802982362659402;1,0;0,0;0,98;1,0;0,13999999999999999;467;482;473,88;474,0;3,241234332781263;675;528;672,06;675,0;20,58;695,762467956543;3,5266246795654297;50;675;675;0,1;0,7;5;6,29;6,74;6,26;5,76;5,18;5,04;6,29;4,87;6,44;6,55;4,85;5,02;5,71;8,2;6,22;5,36;5,22;13,03;12,02;10,22;11,16;12,99;9,87;13,91;11,58
1;69;2025-11-04 14:37:08;2025-11-04 14:37:09;1,06126;690,2578330993653;177,9236988067627;468,3180683441162;549,7511566162109;167,17235722552957;3,5015783309936523;-1,624763011932373;1,2813606834411622;2,0970115661621094;1,671912653095991;1,0;1,0;1,0;1,0;0,0;467;480;473,18;473,5;3,1028374111448374;675;675;675,0;675,0;0,0;695,762467956543;3,5266246795654297;50;675;675;0,1;0,7;5;6,08;6,86;6,18;5,74;5,15;4,99;6,52;4,92;6,56;6,52;5,1;4,9;5,47;8,06;6,25;5,36;5,36;12,94;11,92;10,14;11,44;13,08;10,0;13,53;11,61
1;70;2025-11-04 14:37:09;2025-11-04 14:37:10;1,043734;690,2578330993653;210,81539421081544;493,42349023437504;553,9856079101562;144,05477567052975;3,55401611328125;-1,2948460578918457;1,57677490234375;2,1761679649353027;1,4672599667246171;1,0;0,0;0,98;1,0;0,13999999999999999;466;482;472,34;472,0;3,771524890544937;675;523;671,96;675,0;21,28;695,762467956543;3,5266246795654297;50;675;675;0,1;0,7;5;6,12;6,77;6,03;5,68;5,25;4,85;6,57;4,66;6,39;6,43;5,37;4,92;5,5;8,15;6,39;5,41;5,53;12,89;11,71;10,1;11,23;12,82;10,29;13,65;11,8
1;71;2025-11-04 14:37:10;2025-11-04 14:37:11;1,057215;692,1740280151367;145,12776985168458;482,73223474884026;554,5711208343505;163,3516505967557;3,709231376647949;-1,9627223014831543;1,5074823474884034;2,319444179534912;1,6742674497676644;1,0;0,0;0,96;1,0;0,19595917942265428;464;482;472,86;472,0;3,4929070986786925;677;502;670,54;677,0;31,762373966692092;695,762467956543;3,5266246795654297;50;677;677;0,1;0,7;5;6,02;6,54;6,0;5,5;5,37;4,91;6,37;4,66;6,48;6,74;5,48;4,68;5,9;7,93;6,43;5,56;5,43;12,56;11,5;10,28;11,03;13,22;10,16;13,83;11,99
1;72;2025-11-04 14:37:11;2025-11-04 14:37:12;1,102633;698,849942779541;246,36752853393554;537,1397886352538;570,7277633666993;121,20379500465918;3,732992172241211;-0,9873247146606445;2,037317886352539;2,3330063819885254;1,2508705884666174;1,0;0,0;0,94;1,0;0,23748684174075838;462;480;472,32;473,0;4,415608678313784;685;551;679,28;685,0;23,694758914156523;695,762467956543;3,5266246795654297;50;685;685;0,1;0,7;5;6,21;6,73;6,02;5,47;5,51;4,9;6,36;4,95;6,62;6,58;5,28;4,8;5,84;7,72;5,95;5,54;5,54;12,94;11,49;10,41;11,31;13,2;10,08;13,56;11,49
1;73;2025-11-04 14:37:12;2025-11-04 14:37:14;1,112149;699,5250373840332;244,5222080230713;503,7956634674073;561,3111282348633;140,39417104614625;3,539250373840332;-1,017777919769287;1,6237966346740722;2,164698600769043;1,426979313629663;1,0;0,0;0,98;1,0;0,13999999999999999;467;480;473,04;473,0;3,4406976036844625;686;558;683,44;686,0;17,919999999999998;698,849942779541;3,53749942779541;50;686;686;0,1;0,7;5;6,06;6,78;5,93;5,91;5,4;5,15;6,28;4,73;6,73;6,6;5,26;4,75;5,49;7,88;6,1;5,58;5,39;12,84;11,84;10,55;11,01;13,33;10,01;13,37;11,68
1;74;2025-11-04 14:37:14;2025-11-04 14:37:15;1,059352;691,2230354309082;204,343172454834;473,3426097869873;525,0844398498534;151,65790753793496;3,506230354309082;-1,3705682754516602;1,3269260978698731;1,8473443984985352;1,5163930353511799;1,0;1,0;1,0;1,0;0,0;466;481;473,5;473,0;3,7429934544425802;676;676;676,0;676,0;0,0;699,5250373840332;3,539250373840332;50;676;676;0,1;0,7;5;6,11;6,57;6,02;5,9;5,55;5,14;6,11;4,63;6,72;6,43;5,12;4,99;5,33;8,19;6,14;5,76;5,3;12,68;11,92;10,69;10,74;13,15;10,11;13,52;11,9
1;75;2025-11-04 14:37:15;2025-11-04 14:37:16;1,163004;690,2578330993653;243,22579193115234;476,1377812805176;513,5011764526367;139,02328241976232;3,50789737701416;-0,9727420806884766;1,4429378128051757;1,9221267700195312;1,404448953061751;1,0;0,0;0,96;1,0;0,19595917942265428;465;482;473,36;473,0;3,724298591681392;675;543;670,36;675,0;22,955400236110023;699,5250373840332;3,539250373840332;50;675;675;0,1;0,7;5;6,2;6,78;6,05;6,04;5,42;5,08;6,17;4,7;6,43;6,15;5,06;4,89;5,24;8,55;6,15;5,76;5,33;12,98;12,09;10,5;10,87;12,58;9,95;13,79;11,91
1;76;2025-11-04 14:37:16;2025-11-04 14:37:17;1,150903;690,2578330993653;235,84846076965331;462,73919889831546;477,313765335083;140,63920868476131;3,5015783309936523;-1,0475153923034668;1,3131519889831542;1,683244228363037;1,4714351594585335;1,0;0,0;0,96;1,0;0,19595917942265426;463;481;472,46;472,0;4,001049862223664;675;508;669,34;675,0;28,19333963899985;699,5250373840332;3,539250373840332;50;675;675;0,1;0,7;5;6,18;6,78;6,07;6,03;5,37;5,21;6,43;4,63;6,38;6,49;5,07;4,93;5,12;8,41;6,05;5,35;5,51;12,96;12,1;10,58;11,06;12,87;10,0;13,53;11,4
1;77;2025-11-04 14:37:17;2025-11-04 14:37:18;1,072129;690,2578330993653;165,87106742858887;456,383939781189;509,4913843154907;152,2852997249261;3,85178279876709;-1,7452893257141113;1,2034393978118896;1,6919138431549072;1,5667806144688072;1,0;0,0;0,98;1,0;0,13999999999999999;466;483;473,3;473,0;4,109744517606903;675;562;672,74;675,0;15,819999999999999;699,5250373840332;3,539250373840332;50;675;675;0,1;0,7;5;6,3;6,68;6,18;6,18;5,25;5,04;6,28;4,64;6,45;6,31;4,72;5,02;5,36;8,63;6,13;5,5;5,34;12,98;12,36;10,29;10,92;12,76;9,74;13,99;11,63
1;78;2025-11-04 14:37:18;2025-11-04 14:37:19;1,234639;702,7670799255371;175,56082077026366;467,97932987976077;508,038094329834;157,96822975467515;3,541670799255371;-1,7263917922973633;1,2352132987976074;1,738935947418213;1,5854995790497595;1,0;0,0;0,98;1,0;0,13999999999999999;466;484;474,02;473,5;4,0273564530595;692;578;689,72;692,0;15,959999999999999;699,5250373840332;3,539250373840332;50;692;692;0,1;0,7;5;6,26;6,6;6,08;6,25;5,43;5,03;6,2;4,7;6,33;6,24;4,84;5,09;5,43;8,44;6,21;5,67;5,2;12,86;12,33;10,46;10,9;12,57;9,93;13,87;11,88
1;79;2025-11-04 14:37:19;2025-11-04 14:37:20;1,099313;692,1740280151367;173,0744773864746;492,87067018890383;544,5733995437622;155,71120070049633;3,510740280151367;-1,676255226135254;1,5180667018890381;2,038233995437622;1,5576080277522928;1,0;1,0;1,0;1,0;0,0;467;482;474,36;474,5;3,74571755475503;677;677;677,0;677,0;0,0;702,7670799255371;3,541670799255371;50;677;677;0,1;0,7;5;6,42;6,52;6,28;6,03;5,18;4,96;6,35;4,88;6,04;6,33;5,0;5,01;5,41;8,25;6,47;5,73;5,13;12,94;12,31;10,14;11,23;12,37;10,01;13,66;12,2
1;80;2025-11-04 14:37:20;2025-11-04 14:37:21;1,068533;690,2578330993653;186,19262733459473;493,4498005371094;552,8682483673095;149,88430096913436;3,5015783309936523;-1,5420737266540527;1,5325180053710938;2,1271824836730957;1,4991074236202773;1,0;1,0;1,0;1,0;0,0;466;481;473,02;472,0;3,171687248137811;675;675;675,0;675,0;0,0;702,7670799255371;3,541670799255371;50;675;675;0,1;0,7;5;6,24;6,88;6,13;5,82;5,15;4,91;6,07;4,98;6,15;6,17;5,16;5,08;5,4;8,5;6,33;5,64;5,4;13,12;11,95;10,06;11,05;12,32;10,24;13,9;11,97
1;81;2025-11-04 14:37:21;2025-11-04 14:37:22;1,048283;690,2578330993653;219,92903251647948;507,4692271957398;572,2888084411621;138,46733601862508;3,524237632751465;-1,202709674835205;1,7554322719573974;2,3841686248779297;1,4154005239958098;1,0;0,0;0,96;1,0;0,19595917942265426;467;482;472,84;472,0;3,239506135200241;675;548;670,42;675,0;22,576173280695734;702,7670799255371;3,541670799255371;50;675;675;0,1;0,7;5;6,32;6,91;6,05;5,87;5,39;4,86;6,16;4,89;6,32;6,07;5,25;4,84;5,48;8,24;6,27;5,64;5,43;13,23;11,92;10,25;11,05;12,39;10,09;13,72;11,91
1;82;2025-11-04 14:37:22;2025-11-04 14:37:24;1,064562;691,2230354309082;257,0187171936035;509,2565966033936;558,0519943237305;131,9807654602645;3,506230354309082;-0,8388128280639648;1,7671659660339356;2,2676024436950684;1,3578101831723908;1,0;0,0;0,96;1,0;0,19595917942265428;462;483;471,8;472,0;4,06939798987516;676;552;671,44;676,0;22,4286959050231;702,7670799255371;3,541670799255371;50;676;676;0,1;0,7;5;6,19;6,76;5,79;5,74;5,51;4,9;6,12;4,88;6,5;6,26;5,19;4,73;5,56;8,58;6,15;5,49;5,64;12,95;11,53;10,41;11,0;12,76;9,92;14,14;11,64
1;83;2025-11-04 14:37:24;2025-11-04 14:37:25;1,169177;690,2578330993653;256,2234191894531;512,9508266601563;553,4787631988526;126,40350734605587;3,5015783309936523;-0,8427658081054688;1,7713482666015625;2,195887565612793;1,2679447725229207;1,0;0,0;0,98;1,0;0,13999999999999999;463;478;472,34;472,0;3,5361561051514685;675;530;672,1;675,0;20,3;702,7670799255371;3,541670799255371;50;675;675;0,1;0,7;5;6,19;6,72;5,75;5,6;5,53;5,06;6,26;4,96;6,42;6,38;5,41;4,74;5,51;8,38;6,25;5,29;5,53;12,91;11,35;10,59;11,22;12,8;10,15;13,89;11,54
1;84;2025-11-04 14:37:25;2025-11-04 14:37:26;1,075153;690,2578330993653;140,68330345153808;455,70053844451905;514,4134117126464;172,09496701389054;3,80741024017334;-1,9991669654846191;1,2690053844451905;2,1262850761413574;1,7946364287173802;1,0;0,0;0,94;1,0;0,23748684174075838;460;478;471,2;471,0;4,137632173115439;675;563;669,84;675,0;21,81408719153749;702,7670799255371;3,541670799255371;50;675;675;0,1;0,7;5;6,2;6,88;6,01;5,54;5,35;4,96;6,29;4,88;6,42;6,51;5,43;4,82;5,48;8,51;5,93;5,03;5,76;13,08;11,55;10,31;11,17;12,93;10,25;13,99;10,96
1;85;2025-11-04 14:37:26;2025-11-04 14:37:27;1,069528;701,840608215332;200,69740142822266;483,2402002716064;529,7942562103271;151,42857433642047;3,5424060821533203;-1,4770259857177734;1,3900020027160644;1,8847038745880127;1,5369614572268082;1,0;0,0;0,98;1,0;0,13999999999999999;463;478;470,8;471,0;4,152107898405339;690;622;688,64;690,0;9,520000000000001;702,7670799255371;3,541670799255371;50;690;690;0,1;0,7;5;6,02;7,08;5,76;5,76;5,4;4,72;6,48;4,94;6,46;6,31;5,38;4,74;5,3;8,49;6,0;5,31;5,84;13,1;11,52;10,12;11,42;12,77;10,12;13,79;11,31
1;86;2025-11-04 14:37:27;2025-11-04 14:37:28;1,152371;692,1740280151367;154,63043785095215;458,4148784790039;534,63994140625;169,16454923452434;3,9377012252807617;-1,8636956214904785;1,212488784790039;2,171210289001465;1,7335168010509479;1,0;0,0;0,98;1,0;0,13999999999999999;462;482;470,54;471,0;4,725293641669267;677;549;674,44;677,0;17,919999999999998;702,7670799255371;3,541670799255371;50;677;677;0,1;0,7;5;6,06;6,99;5,76;5,81;5,28;5,01;6,46;4,82;6,56;6,53;5,72;4,65;5,56;8,23;5,69;4,96;5,89;13,05;11,57;10,29;11,28;13,09;10,37;13,79;10,65
1;87;2025-11-04 14:37:28;2025-11-04 14:37:29;1,056329;704,1597801208496;230,77162132263183;529,3720746002197;590,7589900970459;133,8579784469211;3,626504898071289;-1,2032837867736816;1,9182607460021972;2,5189967155456543;1,3729210213568142;1,0;0,0;0,94;1,0;0,23748684174075835;457;481;471,24;471,0;5,053948951067868;696;528;687,34;696,0;34,71922234152142;702,7670799255371;3,541670799255371;50;696;696;0,1;0,7;5;6,17;6,8;5,9;5,49;5,05;5,06;6,85;4,98;6,56;6,53;5,72;4,48;5,53;8,24;5,96;4,91;5,75;12,97;11,39;10,11;11,83;13,09;10,2;13,77;10,87
1;88;2025-11-04 14:37:29;2025-11-04 14:37:30;1,049399;695,762467956543;186,9469482421875;502,4834281234741;556,2718402862549;142,0811057955667;3,5266246795654297;-1,562530517578125;1,5920542812347411;2,128727436065674;1,419799290337436;1,0;1,0;1,0;1,0;0,0;457;482;472,22;473,0;5,419557177482308;681;681;681,0;681,0;0,0;704,1597801208496;3,535597801208496;50;681;681;0,1;0,7;5;6,17;6,75;6,12;5,5;5,16;4,74;6,85;5,18;6,31;6,69;5,34;4,42;5,59;8,48;6,08;5,08;5,56;12,92;11,62;9,9;12,03;13,0;9,76;14,07;11,16
1;89;2025-11-04 14:37:30;2025-11-04 14:37:31;1,057933;691,2230354309082;172,50065574645996;500,115080986023;561,5491470336915;159,45193868499052;3,506230354309082;-1,6822705268859863;1,5945508098602295;2,206491470336914;1,5950333182282286;1,0;1,0;1,0;1,0;0,0;463;480;473,4;473,5;3,9899874686520005;676;676;676,0;676,0;0,0;704,1597801208496;3,535597801208496;50;676;676;0,1;0,7;5;6,3;6,99;6,16;5,63;4,92;4,62;6,87;5,2;6,2;6,76;5,47;4,36;5,6;8,32;6,24;5,04;5,32;13,29;11,79;9,54;12,07;12,96;9,83;13,92;11,28
1;90;2025-11-04 14:37:31;2025-11-04 14:37:32;1,054258;690,2578330993653;128,90236148834228;486,7618870429993;551,5567077636719;148,1297596571236;3,5015783309936523;-2,111976385116577;1,5064388704299927;2,1287574768066406;1,4968747834653975;1,0;0,0;0,98;1,0;0,13999999999999999;465;481;473,82;474,0;4,116746288028933;675;575;673,0;675,0;14,0;704,1597801208496;3,535597801208496;50;675;675;0,1;0,7;5;6,31;6,95;6,25;5,58;4,83;4,46;6,81;5,12;6,35;6,46;5,27;4,56;5,62;8,44;6,21;5,54;5,24;13,26;11,83;9,29;11,93;12,81;9,83;14,06;11,75
1;91;2025-11-04 14:37:32;2025-11-04 14:37:33;1,041637;690,2578330993653;144,8804500579834;514,6968752288818;571,7956836700439;147,05209280521592;4,12788200378418;-1,954195499420166;1,8680687522888184;2,4254651069641113;1,5434364423834086;1,0;0,0;0,94;1,0;0,23748684174075835;465;481;475,4;476,0;3,9698866482558417;675;542;668,86;675,0;24,97359405452087;704,1597801208496;3,535597801208496;50;675;675;0,1;0,7;5;6,05;6,82;6,43;5,72;4,92;4,34;6,89;5,32;6,2;6,42;5,16;4,48;5,74;8,49;6,5;5,6;4,92;12,87;12,15;9,26;12,21;12,62;9,64;14,23;12,1
1;92;2025-11-04 14:37:33;2025-11-04 14:37:34;1,101834;705,5016761779785;161,65640106201172;501,2132377700805;564,7306671142578;157,39217580930188;3,499016761779785;-1,9324359893798828;1,4580523777008056;2,094806671142578;1,5738297610434995;1,0;1,0;1,0;1,0;0,0;465;486;475,92;476,0;4,39017083950044;706;706;706,0;706,0;0,0;704,1597801208496;3,535597801208496;50;706;706;0,1;0,7;5;6,09;6,76;6,56;5,79;4,91;4,35;6,76;5,3;5,92;6,44;5,19;4,55;5,78;8,51;6,62;5,66;4,82;12,85;12,35;9,26;12,06;12,36;9,74;14,29;12,28
1;93;2025-11-04 14:37:34;2025-11-04 14:37:35;1,059574;689,2818542480469;177,73141326904297;458,02704753112795;515,3534503936768;156,7976380867629;3,4968185424804688;-1,6166858673095703;1,1853504753112794;1,7575345039367676;1,5676680632184166;1,0;1,0;1,0;1,0;0,0;468;483;475,08;474,5;3,9132595109448083;674;674;674,0;674,0;0,0;705,5016761779785;3,499016761779785;50;674;674;0,1;0,7;5;6,24;6,58;6,41;5,88;4,89;4,49;6,62;5,18;6,13;6,47;5,43;4,81;5,68;8,36;6,32;5,53;4,98;12,82;12,29;9,38;11,8;12,6;10,24;14,04;11,85
1;94;2025-11-04 14:37:35;2025-11-04 14:37:37;1,052312;693,0413078308105;164,49420852661132;503,5419916839599;553,206717300415;138,03660831767735;3,5314130783081055;-1,7470579147338867;1,6771999168395997;2,169823169708252;1,3782400484258261;1,0;0,0;0,98;1,0;0,13999999999999999;467;481;474,78;475,5;3,534345766899442;674;604;672,6;674,0;9,8;705,5016761779785;3,499016761779785;50;674;674;0,1;0,7;5;5,99;6,58;6,33;5,79;5,06;4,7;6,63;5,1;6,1;6,45;5,34;4,8;5,82;8,55;6,22;5,49;5,04;12,57;12,12;9,76;11,73;12,55;10,14;14,37;11,71
1;95;2025-11-04 14:37:37;2025-11-04 14:37:38;1,039723;694,0786918640136;159,62706413269044;530,9539562454224;560,2934555053712;123,9525403183472;3,5317869186401367;-1,8127293586730957;1,9037995624542237;2,198934555053711;1,2400210519229047;1,0;1,0;1,0;1,0;0,0;466;482;474,26;473,0;4,394587580194528;676;676;676,0;676,0;0,0;705,5016761779785;3,499016761779785;50;676;676;0,1;0,7;5;6,24;6,66;6,25;5,72;4,92;4,66;6,85;5,01;5,75;6,66;5,1;4,64;6,06;8,22;6,62;5,47;5,15;12,9;11,97;9,58;11,86;12,41;9,74;14,28;12,09
1;96;2025-11-04 14:37:38;2025-11-04 14:37:39;1,036076;694,0786918640136;137,38311347961425;549,5968368835449;574,7547966003417;118,34395032133783;3,5317869186401367;-2,0321688652038574;2,091648368835449;2,341547966003418;1,1838899018276225;1,0;1,0;1,0;1,0;0,0;465;485;475,68;475,0;4,1300847448932565;676;676;676,0;676,0;0,0;705,5016761779785;3,499016761779785;50;676;676;0,1;0,7;5;6,33;6,65;6,65;5,92;4,93;4,34;6,86;5,08;5,83;6,55;4,88;4,65;5,88;8,16;7,0;5,42;4,86;12,98;12,57;9,27;11,94;12,38;9,53;14,04;12,42
1;97;2025-11-04 14:37:39;2025-11-04 14:37:40;1,04336;694,0786918640136;143,16269912719727;497,5428577270507;563,1040725708008;152,72700836388267;3,5607614517211914;-1,9723730087280273;1,657588577270508;2,2696218490600586;1,5713358537625561;1,0;0,0;0,96;1,0;0,19595917942265428;464;483;473,76;474,0;4,231122782430215;676;507;670,32;676,0;28,345327657305358;705,5016761779785;3,499016761779785;50;676;676;0,1;0,7;5;6,19;6,81;6,15;5,76;5,05;4,52;7,07;4,96;5,9;6,69;5,2;4,63;5,96;8,07;6,64;5,15;5,25;13,0;11,91;9,57;12,03;12,59;9,83;14,03;11,79
1;98;2025-11-04 14:37:40;2025-11-04 14:37:41;1,055605;695,2336639404297;212,93247337341307;496,7211160583496;567,4074962615966;153,47614816118713;3,533336639404297;-1,2826752662658691;1,551291160583496;2,258574962615967;1,5353526930019314;1,0;1,0;1,0;1,0;0,0;466;485;474,08;474,0;4,57751024029439;678;678;678,0;678,0;0,0;705,5016761779785;3,499016761779785;50;678;678;0,1;0,7;5;6,33;6,68;6,34;5,78;4,96;4,57;6,79;5,16;5,88;6,65;5,19;4,58;5,93;8,04;6,71;5,24;5,18;13,01;12,12;9,53;11,95;12,53;9,77;13,97;11,95
1;99;2025-11-04 14:37:41;2025-11-04 14:37:42;1,041645;694,0786918640136;146,4485767364502;494,7522078781128;542,6937385559081;149,71395722551188;3,5317869186401367;-1,938514232635498;1,632242078781128;2,1972570419311523;1,5064657694059316;1,0;0,0;0,96;1,0;0,19595917942265426;401;481;471,72;473,0;10,855487091789112;676;436;669,4;676,0;35,64323217666995;705,5016761779785;3,499016761779785;50;676;676;0,1;0,7;5;6,49;6,66;6,3;5,78;5,04;4,76;7,05;4,94;5,91;6,47;5,43;4,53;5,8;7,63;6,71;5,09;5,42;13,15;12,08;9,8;11,99;12,38;9,96;13,43;11,8
2;0;2025-11-04 14:37:43;2025-11-04 14:37:43;0;694,0786918640136;144,75083847045897;453,6881875534058;504,81781673431396;158,48059790904978;3,633474349975586;-1,9544916152954102;1,1738618755340575;1,6558582782745361;1,6214249851142675;1,0;0,0;0,98;1,0;0,13999999999999999;463;483;473,88;474,0;3,502227862375605;676;545;673,38;676,0;18,339999999999996;705,5016761779785;3,499016761779785;50;676;676;0,1;0,7;5;6,57;6,72;6,14;5,85;5,43;4,94;6,75;5,1;5,91;6,3;5,32;4,77;5,58;7,97;6,36;5,07;5,22;13,29;11,99;10,37;11,85;12,21;10,09;13,55;11,43
2;1;2025-11-04 14:37:43;2025-11-04 14:37:44;1,049962;697,1635803222656;199,9760757446289;511,1606131896973;544,2430589675903;124,13121734996717;3,5376358032226562;-1,436239242553711;1,6797461318969726;2,007106304168701;1,2411656828994422;1,0;1,0;1,0;1,0;0,0;466;481;473,14;473,0;3,8210469769423145;681;681;681,0;681,0;0,0;705,5016761779785;3,499016761779785;50;681;681;0,1;0,7;5;6,5;6,86;6,32;5,71;5,6;4,69;6,74;5,02;5,96;6,39;5,43;4,58;5,4;7,84;6,33;5,25;5,37;13,36;12,03;10,29;11,76;12,35;10,01;13,24;11,58
2;2;2025-11-04 14:37:44;2025-11-04 14:37:45;1,044036;694,0786918640136;191,19458694458007;506,66523400878907;549,0307178497314;138,35322056463258;3,5317869186401367;-1,4900541305541992;1,7019923400878907;2,0893568992614746;1,3996858025331178;1,0;0,0;0,98;1,0;0,13999999999999999;467;483;474,54;474,5;3,7267143705950954;676;568;673,84;676,0;15,120000000000001;705,5016761779785;3,499016761779785;50;676;676;0,1;0,7;5;6,59;6,7;6,28;5,8;5,41;4,84;6,73;4,98;6,12;6,27;5,4;4,64;5,56;7,88;6,36;5,34;5,09;13,29;12,08;10,25;11,71;12,39;10,04;13,44;11,7
2;3;2025-11-04 14:37:45;2025-11-04 14:37:46;1,152145;694,0786918640136;171,93480758666993;487,2480831527709;558,1818603515625;155,90338484316985;3,5317869186401367;-1,6836519241333008;1,46458083152771;2,170318603515625;1,558505335385595;1,0;1,0;1,0;1,0;0,0;466;484;472,1;472,0;4,1388404173149755;676;676;676,0;676,0;0,0;705,5016761779785;3,499016761779785;50;676;676;0,1;0,7;5;6,43;6,72;6,3;5,75;5,25;4,8;6,9;4,93;5,96;6,49;5,29;4,5;5,72;7,52;6,5;5,37;5,58;13,15;12,05;10,05;11,83;12,45;9,79;13,24;11,87
2;4;2025-11-04 14:37:46;2025-11-04 14:37:47;1,087533;694,0786918640136;191,33424110412597;511,2575385055542;563,8519306182861;132,090918513353;4,268941879272461;-1,4936575889587402;1,872615385055542;2,3275952339172363;1,366406214801282;1,0;0,0;0,92;1,0;0,2712931993250107;465;480;472,14;472,0;3,5553340208762383;676;520;666,42;676,0;33,6024344356179;705,5016761779785;3,499016761779785;50;676;676;0,1;0,7;5;6,5;6,81;6,28;5,93;5,21;4,73;6,75;4,56;6,26;6,55;5,27;4,59;5,52;7,74;6,36;5,37;5,57;13,31;12,21;9,94;11,31;12,81;9,86;13,26;11,73
2;5;2025-11-04 14:37:47;2025-11-04 14:37:48;1,10133;716,0255569458008;273,3478351593018;531,5282110671998;573,8018650054931;119,62926989747294;3,5988521575927734;-0,8625216484069824;1,874302110671997;2,232633113861084;1,2074052889389988;1,0;0,0;0,94;1,0;0,23748684174075835;458;479;470,82;471,0;3,5139151953341163;713;484;700,36;713,0;50,136118716948964;705,5016761779785;3,499016761779785;50;713;713;0,1;0,7;5;6,41;6,56;6,14;5,62;5,27;4,48;6,9;4,78;5,88;6,59;5,36;4,3;5,73;8,01;6,92;5,27;5,78;12,97;11,76;9,75;11,68;12,47;9,66;13,74;12,19
2;6;2025-11-04 14:37:48;2025-11-04 14:37:49;1,06748;695,8523963928222;310,84831657409666;516,561665725708;559,7463966369628;118,22584139789537;3,5345239639282227;-0,3105168342590332;1,74111665725708;2,171463966369629;1,1820047235216444;1,0;1,0;1,0;1,0;0,0;463;478;470,5;471,0;3,2015621187164243;679;679;679,0;679,0;0,0;716,0255569458008;3,566255569458008;50;679;679;0,1;0,7;5;6,34;6,41;5,88;5,65;5,68;4,47;6,84;4,7;5,88;6,42;5,59;4,27;5,76;8,22;7,02;4,98;5,9;12,75;11,53;10,15;11,54;12,3;9,86;13,98;12,0
2;7;2025-11-04 14:37:49;2025-11-04 14:37:50;1,060592;694,0786918640136;205,03912048339845;475,8384509582518;549,0720497131347;152,39734541468636;3,5317869186401367;-1,3576087951660156;1,3493645095825195;2,0797204971313477;1,5242954348672886;1,0;1,0;1,0;1,0;0,0;464;478;470,98;471,0;3,30145422503478;676;676;676,0;676,0;0,0;716,0255569458008;3,566255569458008;50;676;676;0,1;0,7;5;6,0;6,6;5,8;5,71;5,8;4,4;6,96;4,77;5,84;6,47;5,41;4,27;5,52;8,41;6,88;5,37;5,8;12,6;11,51;10,2;11,73;12,31;9,68;13,93;12,25
2;8;2025-11-04 14:37:50;2025-11-04 14:37:51;1,051904;694,0786918640136;211,5949378967285;522,9894774169923;560,8636661529541;125,31457721831195;3,7277355194091797;-1,2950506210327148;1,866174774169922;2,2315964698791504;1,279885188647188;1,0;0,0;0,98;1,0;0,13999999999999999;463;477;470,38;471,0;2,8836782067352797;676;517;672,82;676,0;22,259999999999998;716,0255569458008;3,566255569458008;50;676;676;0,1;0,7;5;6,27;6,71;5,98;5,62;5,64;4,54;7,07;4,66;6,12;6,56;5,34;4,19;5,58;8,12;6,46;5,22;5,92;12,98;11,6;10,18;11,73;12,68;9,53;13,7;11,68
2;9;2025-11-04 14:37:51;2025-11-04 14:37:53;1,060016;700,7613548278808;156,66791496276855;529,4522105636597;575,5793056488037;150,11004801607803;3,5486135482788086;-1,8893208503723145;1,8885821056365968;2,347400188446045;1,4969736395403332;1,0;0,0;0,98;1,0;0,13999999999999999;413;478;469,56;471,0;8,637499638205492;686;441;681,1;686,0;34,300000000000004;716,0255569458008;3,566255569458008;50;686;686;0,1;0,7;5;6,38;6,8;5,87;5,88;5,69;4,46;7,08;4,7;6,2;6,77;5,59;4,22;5,35;7,92;6,23;4,98;5,87;13,18;11,75;10,15;11,78;12,97;9,81;13,27;11,21
2;10;2025-11-04 14:37:53;2025-11-04 14:37:54;1,040491;694,6419204711914;222,9370632171631;521,4523299942016;564,1303432464599;126,66242903283596;3,7028894424438477;-1,1856293678283691;1,8877632999420166;2,3360581398010254;1,3087338550224228;1,0;0,0;0,96;1,0;0,19595917942265426;464;478;470,54;470,0;2,765574081452167;677;517;671,46;677,0;27,47887188368547;716,0255569458008;3,566255569458008;50;677;677;0,1;0,7;5;6,6;7,05;5,94;5,94;5,63;4,49;6,72;4,7;6,01;6,64;5,82;4,38;5,19;7,84;6,08;5,07;5,89;13,65;11,88;10,12;11,42;12,65;10,2;13,03;11,15
2;11;2025-11-04 14:37:54;2025-11-04 14:37:55;1,111554;700,0159744262695;227,9174404144287;501,6289605636596;557,3891555786133;135,03651284433724;3,5461597442626953;-1,175825595855713;1,6532696056365968;2,197143077850342;1,3430530660626958;1,0;0,0;0,96;1,0;0,19595917942265428;410;477;468,98;470,5;9,135622584148274;685;435;678,4;685,0;36,529987681355706;716,0255569458008;3,566255569458008;50;685;685;0,1;0,7;5;6,55;6,85;5,84;6,04;5,6;4,47;6,68;4,68;6,23;6,51;5,83;4,46;5,21;8,14;6,01;4,96;5,95;13,4;11,88;10,07;11,36;12,74;10,29;13,35;10,97
2;12;2025-11-04 14:37:55;2025-11-04 14:37:56;1,145918;694,6419204711914;169,15253944396972;485,1709691390991;546,4942638397217;144,54156411754545;3,532419204711914;-1,7154746055603027;1,4373496913909911;2,047942638397217;1,444746524417879;1,0;1,0;1,0;1,0;0,0;458;478;470,64;471,0;4,1509516981049055;677;677;677,0;677,0;0,0;716,0255569458008;3,566255569458008;50;677;677;0,1;0,7;5;6,42;6,96;5,79;5,62;5,48;4,37;6,78;4,81;6,19;6,82;5,56;4,38;5,44;8,04;6,35;5,14;5,87;13,38;11,41;9,85;11,59;13,01;9,94;13,48;11,49
2;13;2025-11-04 14:37:56;2025-11-04 14:37:57;1,01302;694,0786918640136;149,5284450531006;492,18184117889405;530,2916130065918;136,67370789876597;3,618988037109375;-1,9177155494689941;1,6283584117889405;2,0599584579467773;1,4312934447539054;1,0;0,0;0,94;1,0;0,2374868417407584;462;475;469,64;470,0;3,1607594024221455;676;568;670,62;676,0;21,56932080525486;716,0255569458008;3,566255569458008;50;676;676;0,1;0,7;5;6,47;6,78;5,81;5,69;5,48;4,69;6,95;4,62;6,21;6,79;5,84;4,06;5,65;7,7;6,28;4,9;6,07;13,25;11,5;10,17;11,57;13,0;9,9;13,35;11,18
2;14;2025-11-04 14:37:57;2025-11-04 14:37:58;1,02283;696,4964012145996;126,75510444641114;484,7723479919433;534,4268840789795;143,96443075682657;3,535964012145996;-2,1614489555358887;1,4630434799194336;1,9869403839111328;1,4593411461637935;1,0;0,0;0,98;1,0;0,13999999999999999;457;479;469,82;470,0;3,7453437759436716;680;525;676,9;680,0;21,700000000000003;716,0255569458008;3,566255569458008;50;680;680;0,1;0,7;5;6,36;6,8;5,81;5,83;5,51;4,65;6,88;4,6;6,31;6,58;5,82;4,28;5,56;7,69;6,13;5,15;6,04;13,16;11,64;10,16;11,48;12,89;10,1;13,25;11,28
2;15;2025-11-04 14:37:58;2025-11-04 14:37:59;1,016468;694,0786918640136;228,3969741821289;493,3958255310058;530,991676902771;141,2987099768067;4,051666259765625;-1,122030258178711;1,6114382553100586;1,9841179847717285;1,4727513017196026;1,0;0,0;0,96;1,0;0,19595917942265428;456;477;468,78;469,0;4,153504544357693;676;520;670,26;676,0;28,231053823759392;716,0255569458008;3,566255569458008;50;676;676;0,1;0,7;5;6,26;6,68;5,8;5,63;5,56;4,68;6,96;4,62;6,23;6,58;5,74;4,14;5,62;7,68;6,39;5,17;6,24;12,94;11,43;10,24;11,58;12,81;9,88;13,3;11,56
2;16;2025-11-04 14:37:59;2025-11-04 14:38:00;1,094495;729,1234748840332;267,3725788116455;522,736939163208;574,3273773193359;140,4238321837584;3,804546356201172;-0,8682742118835449;1,73766939163208;2,224998950958252;1,434305584444386;1,0;0,0;0,98;1,0;0,13999999999999999;462;477;469,4;470,0;3,1874754901018454;702;493;697,82;702,0;29,259999999999998;716,0255569458008;3,566255569458008;50;702;702;0,1;0,7;5;6,22;6,65;5,68;5,72;5,74;4,63;7,18;4,73;6,14;6,57;5,41;4,01;5,52;7,98;6,53;5,2;6,09;12,87;11,4;10,37;11,91;12,71;9,42;13,5;11,73
2;17;2025-11-04 14:38:00;2025-11-04 14:38:01;1,061998;721,3635643005371;187,1068862915039;527,806416091919;585,786379623413;145,19932519540043;3,730635643005371;-1,607931137084961;1,8824641609191894;2,4213404655456543;1,4647936080235928;1,0;0,0;0,96;1,0;0,19595917942265426;463;478;470,3;470,0;3,132091952673165;690;565;685,18;690,0;23,630226406024974;729,1234748840332;3,748234748840332;50;690;690;0,1;0,7;5;6,15;6,94;5,74;5,87;5,74;4,5;6,98;4,71;6,18;6,43;5,18;4,22;5,31;8,02;6,7;5,4;5,94;13,09;11,61;10,24;11,69;12,61;9,4;13,33;12,1
2;18;2025-11-04 14:38:01;2025-11-04 14:38:02;1,075446;718,7011421203613;165,74097442626953;486,3226265716553;546,1903093338012;160,5945829898252;3,7240114212036133;-1,7975902557373047;1,4859262657165528;2,0770087242126465;1,6309883561395004;1,0;0,0;0,96;1,0;0,19595917942265428;464;479;471,0;471,0;3,388214869219483;686;545;681,66;686,0;22,23295751806313;729,1234748840332;3,748234748840332;50;686;686;0,1;0,7;5;6,14;6,88;5,66;6,09;5,75;4,68;6,67;4,74;6,27;6,24;5,06;4,62;5,21;8,27;6,53;5,39;5,8;13,02;11,75;10,43;11,41;12,51;9,68;13,48;11,92
2;19;2025-11-04 14:38:02;2025-11-04 14:38:03;1,072363;718,7011421203613;134,921715927124;452,54441150665275;388,8059028625488;157,8890724163948;3,7240114212036133;-2,1077828407287598;1,1095441150665284;0,4290590286254883;1,6024223208697386;1,0;0,0;0,98;1,0;0,13999999999999999;458;478;471,0;472,0;3,878143885933063;686;555;683,38;686,0;18,339999999999996;729,1234748840332;3,748234748840332;50;686;686;0,1;0,7;5;6,21;6,84;5,66;5,94;5,77;4,6;6,83;4,74;6,34;6,16;5,04;4,5;5,52;7,95;6,6;5,51;5,8;13,05;11,6;10,37;11,57;12,5;9,54;13,47;12,11
2;20;2025-11-04 14:38:03;2025-11-04 14:38:04;1,075889;718,7011421203613;213,21772422790528;479,3751616744996;534,042562866211;150,59156631992278;3,7240114212036133;-1,3268227577209473;1,376971616744995;1,9419269561767578;1,5043967107352454;1,0;0,0;0,98;1,0;0,13999999999999999;453;478;469,12;470,5;5,213981204415682;686;545;683,18;686,0;19,740000000000002;729,1234748840332;3,748234748840332;50;686;686;0,1;0,7;5;6,23;6,69;5,42;6,03;6,11;4,31;7,06;4,76;6,14;6,12;5,06;4,47;5,59;7,4;6,64;5,79;6,18;12,92;11,45;10,42;11,82;12,26;9,53;12,99;12,43
2;21;2025-11-04 14:38:04;2025-11-04 14:38:05;1,076878;718,7011421203613;228,5190399169922;480,08817704010005;476,23969345092775;147,80566771482447;3,7240114212036133;-1,1728096008300781;1,3411017704010009;1,2968969345092773;1,4775765446833715;1,0;1,0;1,0;1,0;0,0;459;480;470,22;470,0;4,080637205143335;686;686;686,0;686,0;0,0;729,1234748840332;3,748234748840332;50;686;686;0,1;0,7;5;6,18;6,74;5,62;5,9;5,9;4,23;7,26;5,13;6,13;6,19;4,92;4,12;5,66;7,55;6,78;5,73;5,96;12,92;11,52;10,13;12,39;12,32;9,04;13,21;12,51
2;22;2025-11-04 14:38:05;2025-11-04 14:38:06;1,076574;718,7011421203613;236,07088928222657;499,47369901275636;540,2688833236695;135,58381388821522;3,7240114212036133;-1,1022911071777344;1,5825769901275635;1,9889898300170898;1,379137713987346;1,0;0,0;0,98;1,0;0,13999999999999999;462;477;469,44;469,0;3,5674080226405276;686;502;682,32;686,0;25,759999999999998;729,1234748840332;3,748234748840332;50;686;686;0,1;0,7;5;6,5;6,99;5,43;5,82;5,89;4,19;7,5;4,91;5,98;6,56;4,77;4,09;6,23;6,81;6,47;5,72;6,11;13,49;11,25;10,08;12,41;12,54;8,86;13,04;12,19
2;23;2025-11-04 14:38:06;2025-11-04 14:38:08;1,033733;718,7011421203613;238,82109107971192;499,54313141632076;549,725165939331;134,32150471537403;3,7240114212036133;-1,0807890892028809;1,535751314163208;2,0412516593933105;1,3441341841468617;1,0;1,0;1,0;1,0;0,0;457;480;470,32;470,5;4,658068269143336;686;686;686,0;686,0;0,0;729,1234748840332;3,748234748840332;50;686;686;0,1;0,7;5;6,32;6,83;5,54;6,03;5,81;4,38;7,57;4,75;6,13;6,71;4,86;4,3;5,97;6,69;6,43;5,76;5,94;13,15;11,57;10,19;12,32;12,84;9,16;12,66;12,19
2;24;2025-11-04 14:38:08;2025-11-04 14:38:09;1,029139;718,7011421203613;238,59139976501464;518,7410822906494;557,8499740600586;126,86139932451081;3,7240114212036133;-1,0700860023498535;1,8618708229064942;2,2990846633911133;1,3250940495815775;1,0;0,0;0,94;1,0;0,23748684174075835;464;480;471,06;471,0;3,15220557705236;686;508;677,32;686,0;35,1672802474118;729,1234748840332;3,748234748840332;50;686;686;0,1;0,7;5;6,51;6,85;5,74;5,89;5,74;4,62;7,25;4,7;6,09;6,45;4,82;4,32;5,66;7,01;6,81;5,74;5,79;13,36;11,63;10,36;11,95;12,54;9,14;12,67;12,55
2;25;2025-11-04 14:38:09;2025-11-04 14:38:10;1,164594;718,7011421203613;152,75261955261232;488,5589372634888;548,7193111419679;150,51221029508073;3,7240114212036133;-1,930473804473877;1,4260893726348878;2,0331168174743652;1,5049088719704466;1,0;1,0;1,0;1,0;0,0;459;479;470,5;470,0;3,4885527085024814;686;686;686,0;686,0;0,0;729,1234748840332;3,748234748840332;50;686;686;0,1;0,7;5;6,58;6,85;5,72;5,8;5,98;4,58;7,27;4,58;5,94;6,41;4,68;4,28;5,76;7,15;6,8;5,71;5,9;13,43;11,52;10,56;11,85;12,35;8,96;12,91;12,51
2;26;2025-11-04 14:38:10;2025-11-04 14:38:11;1,029589;718,7011421203613;234,67568244934083;515,239767616272;567,3312149047852;140,33354665900404;3,7240114212036133;-1,1122431755065918;1,6927176761627196;2,2133121490478516;1,4034690173334001;1,0;1,0;1,0;1,0;0,0;462;481;470,32;470,5;3,4492897819696156;686;686;686,0;686,0;0,0;729,1234748840332;3,748234748840332;50;686;686;0,1;0,7;5;6,39;6,63;5,76;6,02;6,07;4,4;6,98;4,8;6,0;6,4;4,92;4,2;5,68;7,09;6,87;5,86;5,94;13,02;11,78;10,47;11,78;12,4;9,12;12,77;12,73
2;27;2025-11-04 14:38:11;2025-11-04 14:38:12;1,024295;718,7011421203613;231,34965934753419;520,910493095398;579,3938453674316;140,43254874006024;3,7240114212036133;-1,1405034065246582;1,7505249309539794;2,3359384536743164;1,4038489938484042;1,0;1,0;1,0;1,0;0,0;460;481;471,42;472,0;3,4181281427120314;686;686;686,0;686,0;0,0;729,1234748840332;3,748234748840332;50;686;686;0,1;0,7;5;6,33;6,81;5,77;5,95;6,2;4,32;6,92;4,98;6,15;6,36;4,93;4,06;5,76;7,22;6,77;5,77;5,72;13,14;11,72;10,52;11,9;12,51;8,99;12,98;12,54
2;28;2025-11-04 14:38:12;2025-11-04 14:38:13;1,025377;718,7011421203613;146,32123794555665;506,0445228576661;570,7620857238769;146,22872290949397;3,9423885345458984;-1,9957876205444336;1,6444452285766602;2,287355899810791;1,4987216922843367;1,0;0,0;0,98;1,0;0,13999999999999999;461;481;471,3;471,0;3,6510272527057372;686;559;683,46;686,0;17,78;729,1234748840332;3,748234748840332;50;686;686;0,1;0,7;5;6,24;7,23;5,6;5,68;6,2;4,24;6,71;4,75;6,2;6,44;4,8;4,44;5,6;7,46;6,73;5,94;5,74;13,47;11,28;10,44;11,46;12,64;9,24;13,06;12,67
2;29;2025-11-04 14:38:13;2025-11-04 14:38:14;1,04036;726,0504119873046;231,53150177001953;507,48422367095947;559,5946372985841;147,83084612029992;3,742504119873047;-1,1946849822998047;1,6066422367095947;2,1638708114624023;1,4968486752035872;1,0;0,0;0,98;1,0;0,13999999999999999;460;481;470,7;471,0;3,7376463182061515;697;536;693,78;697,0;22,54;729,1234748840332;3,748234748840332;50;697;697;0,1;0,7;5;6,17;7,03;5,74;6,0;6,3;4,12;6,94;4,66;6,2;6,46;4,62;4,24;5,71;7,5;6,79;5,66;5,86;13,2;11,74;10,42;11,6;12,66;8,86;13,21;12,45
2;30;2025-11-04 14:38:14;2025-11-04 14:38:15;1,159389;719,3556373596191;183,69125518798828;503,9218996353149;561,9029991149903;147,05669009552355;3,7255563735961914;-1,6290874481201172;1,5748989963531494;2,1520299911499023;1,4703736688862856;1,0;1,0;1,0;1,0;0,0;462;481;470,68;470,0;4,211603020228758;687;687;687,0;687,0;0,0;729,1234748840332;3,748234748840332;50;687;687;0,1;0,7;5;6,24;6,98;5,62;6,09;6,26;4,15;7,11;4,79;6,25;6,42;4,68;4,18;5,87;6,82;6,81;5,87;5,86;13,22;11,71;10,41;11,9;12,67;8,86;12,69;12,68
2;31;2025-11-04 14:38:15;2025-11-04 14:38:16;1,165275;718,7011421203613;233,4335506439209;495,90106793975826;564,1663715362549;149,5472934107186;3,7240114212036133;-1,128664493560791;1,498850679397583;2,182163715362549;1,4955813053033942;1,0;1,0;1,0;1,0;0,0;461;478;469,84;469,0;3,407990610315704;686;686;686,0;686,0;0,0;729,1234748840332;3,748234748840332;50;686;686;0,1;0,7;5;6,48;7,08;5,65;6,04;6,12;4,16;6,94;4,79;6,45;6,28;4,5;4,23;5,88;6,92;6,75;5,71;6,03;13,56;11,69;10,28;11,73;12,73;8,73;12,8;12,46
2;32;2025-11-04 14:38:16;2025-11-04 14:38:17;1,08381;718,7011421203613;166,39365043640137;500,7782785339355;536,2055025100708;142,61045883451334;3,8546133041381836;-1,7950634956359863;1,7723627853393555;2,300478458404541;1,5521139494743297;1,0;0,0;0,9;1,0;0,3;430;477;468,98;469,5;6,491502137410108;686;459;670,88;686,0;47,3968944130309;729,1234748840332;3,748234748840332;50;686;686;0,1;0,7;5;6,49;7,14;5,88;5,88;6,3;4,46;6,64;4,61;6,16;5,94;4,79;4,31;5,68;7,14;6,76;5,76;6,05;13,63;11,76;10,76;11,25;12,1;9,1;12,82;12,52
2;33;2025-11-04 14:38:17;2025-11-04 14:38:18;1,067984;722,7192848205566;186,3368263244629;513,0231713027954;563,1849445343017;143,48991019422164;3,902769088745117;-1,626631736755371;1,7280117130279542;2,326104164123535;1,5000908711403085;1,0;0,0;0,96;1,0;0,19595917942265428;457;477;469,68;470,0;3,574576898039822;692;530;686,38;692,0;27,866029498297742;729,1234748840332;3,748234748840332;50;692;692;0,1;0,7;5;6,19;7,12;5,95;6,08;6,4;4,51;6,4;4,95;6,13;5,65;4,72;4,38;5,82;6,83;7,19;5,62;6,06;13,31;12,03;10,91;11,35;11,78;9,1;12,65;12,81
2;34;2025-11-04 14:38:18;2025-11-04 14:38:19;1,074687;724,7376068115234;280,06906509399414;519,9936544647218;569,213786315918;135,30658597638123;3,774188995361328;-0,6993093490600586;1,8131965446472167;2,398519515991211;1,401688857386593;1,0;0,0;0,94;1,0;0,23748684174075835;458;479;469,36;469,0;4,1509516981049055;695;564;689,22;695,0;23,6662544565041;729,1234748840332;3,748234748840332;50;695;695;0,1;0,7;5;6,02;6,9;6,08;6,15;6,28;4,25;6,84;4,94;6,04;5,77;4,73;4,22;5,72;7,24;7,19;5,5;6,13;12,92;12,23;10,53;11,78;11,81;8,95;12,96;12,69
2;35;2025-11-04 14:38:19;2025-11-04 14:38:21;1,058729;720,0188110351562;253,85609741210936;531,7022906417847;574,7371681213378;131,51398889897615;4,207385063171387;-0,9234390258789062;2,0224029064178466;2,4147520065307617;1,3985747345533617;1,0;0,0;0,92;1,0;0,2712931993250107;460;478;469,58;469,0;3,9400000000000004;688;530;676,84;688,0;38,38299623531232;729,1234748840332;3,748234748840332;50;688;688;0,1;0,7;5;6,39;6,95;5,67;6,0;6,53;4,25;6,91;4,87;6,15;5,82;4,68;4,24;5,92;6,98;7,0;5,54;6,08;13,34;11,67;10,78;11,78;11,97;8,92;12,9;12,54
2;36;2025-11-04 14:38:21;2025-11-04 14:38:22;1,115014;734,7011352539063;253,10527381896972;538,6482315444946;588,2041229248048;139,63107621113068;4,030034065246582;-1,0499472618103027;1,8410823154449463;2,340561866760254;1,4292981967824852;1,0;0,0;0,98;1,0;0,13999999999999999;464;478;469,9;470,0;2,9748949561287032;710;663;709,06;710,0;6,58;729,1234748840332;3,748234748840332;50;710;710;0,1;0,7;5;6,59;7,16;5,86;5,71;6,32;4,3;6,64;4,84;6,38;5,62;5,18;4,53;5,65;7,2;6,68;5,33;6,02;13,75;11,57;10,62;11,48;12,0;9,71;12,85;12,01
2;37;2025-11-04 14:38:22;2025-11-04 14:38:23;1,061418;729,8627716064453;280,2941329956055;541,2230887069703;574,3574756622314;120,39093629773858;3,767627716064453;-0,7300586700439453;1,9680908870697023;2,253298759460449;1,208452259381642;1,0;0,0;0,96;1,0;0,19595917942265426;461;477;469,56;469,5;3,1884792613407416;701;536;694,74;701,0;30,71469355210955;734,7011352539063;3,7710113525390625;50;701;701;0,1;0,7;5;6,46;7,08;5,72;5,58;6,29;4,36;6,97;4,63;6,18;5,78;5,39;4,48;5,54;7,21;6,7;5,56;6,09;13,54;11,3;10,65;11,6;11,96;9,87;12,75;12,26
2;38;2025-11-04 14:38:23;2025-11-04 14:38:24;1,050368;724,6439376831055;249,65702781677246;496,3565371627808;551,0550060272217;140,80029773771855;3,7804393768310547;-0,9794297218322754;1,6444453716278076;2,172804832458496;1,4697404357211776;1,0;0,0;0,94;1,0;0,23748684174075835;412;476;467,28;469,5;10,757397454775015;688;440;675,28;688,0;51,39028702001964;734,7011352539063;3,7710113525390625;50;688;688;0,1;0,7;5;6,35;6,69;5,56;6,06;6,35;3,95;7,33;4,91;6,01;5,97;5,24;4,28;5,66;7,26;6,48;5,76;6,14;13,04;11,62;10,3;12,24;11,98;9,52;12,92;12,24
2;39;2025-11-04 14:38:24;2025-11-04 14:38:25;1,067555;725,0115676879883;201,64392013549804;506,95025293731686;555,649935913086;142,1243270762157;3,779115676879883;-1,4605607986450195;1,635762529373169;2,0997915267944336;1,4393866225617433;1,0;0,0;0,98;1,0;0,13999999999999999;462;477;470,06;470,5;3,361011752434079;689;577;686,76;689,0;15,679999999999996;734,7011352539063;3,7710113525390625;50;689;689;0,1;0,7;5;6,46;6,68;5,69;5,92;6,76;4,0;7,12;4,96;5,95;5,99;5,31;4,4;5,7;7,0;6,57;5,5;5,99;13,14;11,61;10,76;12,08;11,94;9,71;12,7;12,07
2;40;2025-11-04 14:38:25;2025-11-04 14:38:26;1,065933;724,6439376831055;272,9494087219238;517,6003738555908;567,2870845794678;142,96427258651735;3,7804393768310547;-0,7375059127807617;1,706843738555908;2,2028708457946777;1,429711678227503;1,0;1,0;1,0;1,0;0,0;463;479;470,84;471,0;3,1518883228947057;688;688;688,0;688,0;0,0;734,7011352539063;3,7710113525390625;50;688;688;0,1;0,7;5;6,38;6,6;5,75;6,17;6,96;4,04;7,09;4,82;5,99;6,11;5,13;4,36;5,43;7,12;6,86;5,36;5,83;12,98;11,92;11,0;11,91;12,1;9,49;12,55;12,22
2;41;2025-11-04 14:38:26;2025-11-04 14:38:27;1,068174;725,0115676879883;188,2479690551758;500,66548531341556;554,4328987121582;159,64983146755478;3,8996543884277344;-1,5915203094482422;1,5783748531341553;2,1543946266174316;1,631474422264765;1,0;0,0;0,98;1,0;0,13999999999999999;460;481;470,22;469,0;3,6126998214631674;689;524;685,7;689,0;23,099999999999998;734,7011352539063;3,7710113525390625;50;689;689;0,1;0,7;5;6,54;6,88;5,59;6,09;6,49;4,18;6,89;4,75;6,16;5,98;5,3;4,85;5,42;7,11;6,48;5,33;5,96;13,42;11,68;10,67;11,64;12,14;10,15;12,53;11,81
2;42;2025-11-04 14:38:27;2025-11-04 14:38:28;1,087263;726,8741317749024;213,83909034729004;508,30634170532227;576,5766620635986;151,40728534501116;3,7727413177490234;-1,3666090965270996;1,6274634170532227;2,3000998497009277;1,5308479453199375;1,0;0,0;0,98;1,0;0,13999999999999999;465;484;471,9;471,0;4,262628297189423;694;569;691,5;694,0;17,5;734,7011352539063;3,7710113525390625;50;694;694;0,1;0,7;5;6,68;6,78;5,74;6,13;6,78;4,1;6,92;4,96;6,17;5,95;4,92;4,9;5,55;6,92;6,6;5,27;5,62;13,46;11,87;10,88;11,88;12,12;9,82;12,47;11,87
2;43;2025-11-04 14:38:28;2025-11-04 14:38:29;1,072654;724,6439376831055;261,2469146728516;494,08558164978035;541,9502468109131;146,27770946539204;3,7804393768310547;-0,8605308532714844;1,4727158164978027;1,9495024681091309;1,4617770176342195;1,0;1,0;1,0;1,0;0,0;465;481;471,86;471,5;3,8936358329972256;688;688;688,0;688,0;0,0;734,7011352539063;3,7710113525390625;50;688;688;0,1;0,7;5;6,55;6,84;5,74;6,08;6,81;4,2;6,96;4,87;6,07;5,92;4,88;4,7;5,7;6,97;6,74;5,34;5,63;13,39;11,82;11,01;11,83;11,99;9,58;12,67;12,08
2;44;2025-11-04 14:38:29;2025-11-04 14:38:30;1,084768;725,0115676879883;134,06704635620116;508,8753314704895;582,3986148834229;161,96316984061957;3,779115676879883;-2,1313295364379883;1,614533314704895;2,3489861488342285;1,6189261180806742;1,0;1,0;1,0;1,0;0,0;463;475;470,78;471,0;2,640378760708395;689;689;689,0;689,0;0,0;734,7011352539063;3,7710113525390625;50;689;689;0,1;0,7;5;6,58;7,03;5,58;5,79;6,64;4,38;7,32;4,88;6,05;6,12;4,76;4,44;5,68;6,84;6,67;5,4;5,84;13,61;11,37;11,02;12,2;12,17;9,2;12,52;12,07
2;45;2025-11-04 14:38:30;2025-11-04 14:38:31;1,030908;724,6439376831055;189,39040145874023;515,820585647583;579,9116893768311;152,23434094162553;3,7804393768310547;-1,5770959854125977;1,68854585647583;2,3281168937683105;1,5227326943504578;1,0;1,0;1,0;1,0;0,0;463;476;470,34;470,0;3,3977051078632474;688;688;688,0;688,0;0,0;734,7011352539063;3,7710113525390625;50;688;688;0,1;0,7;5;6,42;6,94;5,54;5,68;6,76;4,22;7,24;4,79;6,04;5,89;4,82;4,57;5,88;6,87;7,03;5,38;5,93;13,36;11,22;10,98;12,03;11,93;9,39;12,75;12,41
2;46;2025-11-04 14:38:31;2025-11-04 14:38:32;1,069878;725,0115676879883;212,19696083068848;516,7216525115966;569,6721778869629;144,461053498917;3,779115676879883;-1,3570303916931152;1,6926765251159668;2,223221778869629;1,4447736839733971;1,0;1,0;1,0;1,0;0,0;461;478;470,46;470,0;3,83775976319519;689;689;689,0;689,0;0,0;734,7011352539063;3,7710113525390625;50;689;689;0,1;0,7;5;6,65;7,07;5,63;5,41;6,95;4,32;7,2;4,92;5,8;6,01;4,59;4,71;5,74;6,72;7,05;5,33;5,91;13,72;11,04;11,27;12,12;11,81;9,3;12,46;12,38
2;47;2025-11-04 14:38:32;2025-11-04 14:38:33;1,093845;724,6439376831055;297,09879341125486;530,8858025054931;565,5825809478761;125,72018501884605;3,7804393768310547;-0,49801206588745117;1,8398780250549316;2,1893258094787598;1,2570214756101652;1,0;1,0;1,0;1,0;0,0;459;480;471,02;471,0;5,124412161409345;688;688;688,0;688,0;0,0;734,7011352539063;3,7710113525390625;50;688;688;0,1;0,7;5;6,43;6,85;5,74;5,46;6,68;4,28;7,2;4,92;5,94;6,0;4,73;4,58;5,76;7,03;7,14;5,46;5,8;13,28;11,2;10,96;12,12;11,94;9,31;12,79;12,6
2;48;2025-11-04 14:38:33;2025-11-04 14:38:35;1,061408;725,0115676879883;177,41352500915528;518,5178608474732;559,554677581787;139,6026908003772;3,779115676879883;-1,6948647499084473;1,8426186084747314;2,210890293121338;1,4160185476535323;1,0;0,0;0,94;1,0;0,23748684174075838;458;480;469,64;469,5;5,105918134870555;689;516;680,44;689,0;34,319184139486765;734,7011352539063;3,7710113525390625;50;689;689;0,1;0,7;5;6,18;6,83;5,75;5,56;6,71;4,24;7,01;4,88;6,12;6,04;4,84;4,62;5,8;7,0;6,94;5,41;6,07;13,01;11,31;10,95;11,89;12,16;9,46;12,8;12,35
2;49;2025-11-04 14:38:35;2025-11-04 14:38:36;1,118218;724,6439376831055;167,3185733795166;484,67589369964594;521,7237003326416;158,2460306872192;3,7804393768310547;-1,805814266204834;1,37663893699646;1,746737003326416;1,5828350039255594;1,0;1,0;1,0;1,0;0,0;461;480;469,88;469,0;4,047913042544269;688;688;688,0;688,0;0,0;734,7011352539063;3,7710113525390625;50;688;688;0,1;0,7;5;6,01;6,84;5,52;5,74;6,72;4,05;6,92;5,06;6,15;6,25;5,0;4,5;5,76;6,92;6,92;5,61;6,02;12,85;11,26;10,77;11,98;12,4;9,5;12,68;12,53
2;50;2025-11-04 14:38:36;2025-11-04 14:38:37;1,163806;725,0115676879883;170,61348190307618;502,7825212402344;542,3109828948975;138,03271780377662;3,779115676879883;-1,7678651809692383;1,5994052124023437;2,1072492599487305;1,408632869820242;1,0;0,0;0,98;1,0;0,13999999999999999;461;480;470,18;470,0;3,8246045547219647;689;525;685,72;689,0;22,959999999999997;734,7011352539063;3,7710113525390625;50;689;689;0,1;0,7;5;6,53;6,78;5,49;5,6;7,03;4,09;6,88;4,88;6,16;6,15;5,18;4,48;5,66;6,69;7,02;5,4;5,96;13,31;11,09;11,12;11,76;12,31;9,66;12,35;12,42
2;51;2025-11-04 14:38:37;2025-11-04 14:38:38;1,168728;724,6439376831055;258,61233139038086;544,3015720825194;571,1646492004395;116,09920669358219;3,7804393768310547;-0,8788766860961914;1,9740357208251953;2,2421464920043945;1,1608726192673928;1,0;1,0;1,0;1,0;0,0;462;482;471,02;470,0;4,361146638213396;688;688;688,0;688,0;0,0;734,7011352539063;3,7710113525390625;50;688;688;0,1;0,7;5;6,57;6,48;5,52;5,81;6,84;4,14;7,1;5,03;5,85;6,13;4,91;4,31;5,65;6,7;7,3;5,87;5,8;13,05;11,33;10,98;12,13;11,98;9,22;12,35;13,17
2;52;2025-11-04 14:38:38;2025-11-04 14:38:39;1,152129;725,0115676879883;248,85063400268555;548,7602267913818;574,9313636779785;120,15194767490605;3,779115676879883;-0,9854936599731445;2,1104222679138185;2,294832706451416;1,2090779496271593;1,0;0,0;0,96;1,0;0,19595917942265426;399;482;468,92;469,5;11,036013773097604;689;430;681,22;689,0;40,23793732287976;734,7011352539063;3,7710113525390625;50;689;689;0,1;0,7;5;6,68;6,82;5,57;5,6;6,65;4,4;6,95;4,72;5,78;6,0;4,91;4,56;5,73;6,6;7,23;5,86;5,94;13,5;11,17;11,05;11,67;11,78;9,47;12,33;13,09
2;53;2025-11-04 14:38:39;2025-11-04 14:38:40;1,172995;724,6439376831055;223,92418823242187;512,0577059631347;570,7941120147705;150,88972375933955;3,7804393768310547;-1,2317581176757812;1,6506970596313477;2,239941120147705;1,5096780958372729;1,0;1,0;1,0;1,0;0,0;464;477;470,12;470,0;3,197749208427703;688;688;688,0;688,0;0,0;734,7011352539063;3,7710113525390625;50;688;688;0,1;0,7;5;6,37;6,67;5,56;5,77;6,84;3,96;7,34;4,82;6,04;6,18;4,91;4,38;5,53;6,55;7,23;5,85;5,98;13,04;11,33;10,8;12,16;12,22;9,29;12,08;13,08
2;54;2025-11-04 14:38:40;2025-11-04 14:38:41;1,132762;725,0115676879883;184,20353584289552;503,0482346420288;548,3406732559204;152,16683860167498;3,779115676879883;-1,625964641571045;1,557102346420288;2,010406732559204;1,5212071190507737;1,0;1,0;1,0;1,0;0,0;463;480;471,62;472,0;3,5207385588822127;689;689;689,0;689,0;0,0;734,7011352539063;3,7710113525390625;50;689;689;0,1;0,7;5;6,43;6,82;5,55;6,0;7,12;4,19;7,23;4,76;5,96;5,99;4,9;4,7;5,59;6,43;6,89;5,77;5,68;13,25;11,55;11,31;11,99;11,95;9,6;12,02;12,66
2;55;2025-11-04 14:38:41;2025-11-04 14:38:43;1,098673;724,6439376831055;249,93338508605956;505,2661587219238;551,8175552368164;136,04307486499894;3,7804393768310547;-0,9676661491394043;1,7246815872192383;2,2074708938598633;1,409781737174581;1,0;0,0;0,94;1,0;0,23748684174075838;459;479;471,02;471,0;4,106044325138247;688;492;677,8;688,0;40,625115384451526;734,7011352539063;3,7710113525390625;50;688;688;0,1;0,7;5;6,5;7,02;5,58;6,01;6,89;4,05;7,15;4,88;6,08;5,86;5,05;4,43;5,63;6,61;6,81;5,7;5,76;13,52;11,59;10,94;12,03;11,94;9,48;12,24;12,51
2;56;2025-11-04 14:38:43;2025-11-04 14:38:44;1,146646;725,0115676879883;204,3986675262451;496,4842562103271;553,4491800308227;151,5720714739167;3,779115676879883;-1,4280133247375488;1,4904425621032715;2,0604918003082275;1,5146819165786878;1,0;1,0;1,0;1,0;0,0;459;479;470,6;470,5;4,252058325093859;689;689;689,0;689,0;0,0;734,7011352539063;3,7710113525390625;50;689;689;0,1;0,7;5;6,59;7,17;5,5;5,9;7,0;4,28;7,21;4,96;5,98;6,03;4,69;4,34;5,56;6,47;6,87;5,57;5,88;13,76;11,4;11,28;12,17;12,01;9,03;12,03;12,44
2;57;2025-11-04 14:38:44;2025-11-04 14:38:45;1,139002;724,6439376831055;259,8901626586914;515,0624914169312;573,5889038085938;140,8913615333504;3,7804393768310547;-0,8730983734130859;1,7256249141693116;2,3545150756835938;1,415699376493327;1,0;0,0;0,98;1,0;0,13999999999999999;458;478;469,6;470,0;4,489988864128729;688;534;684,92;688,0;21,560000000000002;734,7011352539063;3,7710113525390625;50;688;688;0,1;0,7;5;6,47;7,11;5,56;5,62;7,14;4,14;6,92;5,12;5,94;5,85;4,89;4,54;5,75;6,51;6,96;5,41;6,08;13,58;11,18;11,28;12,04;11,79;9,43;12,26;12,37
2;58;2025-11-04 14:38:45;2025-11-04 14:38:46;1,137664;725,0115676879883;265,6783966064453;525,5133991775513;575,2264522552491;139,78735404407223;3,779115676879883;-0,8222160339355469;1,8215739917755127;2,3348422050476074;1,4160624312911856;1,0;0,0;0,98;1,0;0,13999999999999999;462;478;470,34;471,0;3,896716566546764;689;578;686,78;689,0;15,540000000000001;734,7011352539063;3,7710113525390625;50;689;689;0,1;0,7;5;6,52;7,07;5,62;5,7;7,21;3,94;6,94;5,13;6,01;6,01;4,98;4,55;5,62;6,46;6,94;5,36;5,93;13,59;11,32;11,15;12,07;12,02;9,53;12,08;12,3
2;59;2025-11-04 14:38:46;2025-11-04 14:38:47;1,149837;724,6439376831055;229,63724784851075;511,78424124908446;578,5092491149902;152,37668083491207;3,7804393768310547;-1,1716275215148926;1,6488224124908448;2,3160924911499023;1,5230499572658578;1,0;1,0;1,0;1,0;0,0;462;479;470,98;472,0;4,244949940812023;688;688;688,0;688,0;0,0;734,7011352539063;3,7710113525390625;50;688;688;0,1;0,7;5;6,74;6,99;5,56;5,62;7,19;4,07;6,89;5,09;5,9;6,14;4,91;4,44;5,69;6,62;6,91;5,44;5,8;13,73;11,18;11,26;11,98;12,04;9,35;12,31;12,35
2;60;2025-11-04 14:38:47;2025-11-04 14:38:48;1,152875;725,0115676879883;207,96039962768555;522,9323723831177;564,6330783843994;135,2099028278755;3,779115676879883;-1,3853960037231445;1,7542837238311768;2,173330783843994;1,3515127061778416;1,0;1,0;1,0;1,0;0,0;460;480;469,96;471,0;4,857818440411291;689;689;689,0;689,0;0,0;734,7011352539063;3,7710113525390625;50;689;689;0,1;0,7;5;6,7;7,0;5,56;6,0;7,1;4,14;6,91;5,11;6,01;5,96;4,79;4,52;5,69;6,4;6,69;5,4;6,01;13,7;11,56;11,24;12,02;11,97;9,31;12,09;12,09
2;61;2025-11-04 14:38:48;2025-11-04 14:38:49;1,136989;724,6439376831055;207,19512367248535;487,8803284835816;469,9403200149536;140,52417407021298;3,83856201171875;-1,3930487632751465;1,4956032848358154;1,7082951068878174;1,4541002973211623;1,0;0,0;0,96;1,0;0,19595917942265426;464;485;470,7;470,0;3,874274125562103;688;538;682,78;688,0;25,86835131971112;734,7011352539063;3,7710113525390625;50;688;688;0,1;0,7;5;6,65;7,05;5,74;5,98;7,11;4,13;6,68;5,03;6,06;5,72;4,9;4,53;5,84;6,5;6,61;5,61;5,86;13,7;11,72;11,24;11,71;11,78;9,43;12,34;12,22
2;62;2025-11-04 14:38:49;2025-11-04 14:38:51;1,15001;725,7456832885742;231,46164016723634;539,2826084213257;592,0140811920166;134,49533210874014;4,009749412536621;-1,1683835983276367;1,954746084213257;2,468961715698242;1,376436965284741;1,0;0,0;0,98;1,0;0,13999999999999999;461;480;470,92;471,0;3,7247281780017185;691;531;687,8;691,0;22,400000000000006;734,7011352539063;3,7710113525390625;50;691;691;0,1;0,7;5;6,84;7,21;5,71;5,7;6,87;4,16;6,47;5,1;6,09;5,76;5,06;4,52;6,0;6,39;6,73;5,58;5,82;14,05;11,41;11,03;11,57;11,85;9,58;12,39;12,31
2;63;2025-11-04 14:38:51;2025-11-04 14:38:52;1,164044;729,3950057983399;198,92891464233398;515,6522608261108;577,4246742248536;149,5592885683287;3,7679500579833984;-1,5417108535766602;1,6270426082611085;2,247246742248535;1,495821797824313;1,0;1,0;1,0;1,0;0,0;463;482;470,52;471,0;3,4190057034172963;700;700;700,0;700,0;0,0;734,7011352539063;3,7710113525390625;50;700;700;0,1;0,7;5;6,57;7,35;5,59;5,6;6,82;4,0;6,59;5,08;6,24;6,05;4,92;4,58;5,84;6,5;6,77;5,61;5,9;13,92;11,19;10,82;11,67;12,29;9,5;12,34;12,38
2;64;2025-11-04 14:38:52;2025-11-04 14:38:53;1,085567;724,6439376831055;187,45027542114258;506,7518666000366;566,5575988769531;146,37206665438907;3,7804393768310547;-1,6004972457885742;1,5962986660003662;2,1950759887695312;1,465239559905574;1,0;1,0;1,0;1,0;0,0;461;477;468,78;469,0;3,5681367686791385;688;688;688,0;688,0;0,0;734,7011352539063;3,7710113525390625;50;688;688;0,1;0,7;5;6,48;7,18;5,66;5,73;6,8;3,83;6,71;5,06;6,21;5,93;5,16;4,55;5,78;6,59;6,66;5,42;6,24;13,66;11,39;10,63;11,77;12,14;9,71;12,37;12,08
2;65;2025-11-04 14:38:53;2025-11-04 14:38:54;1,068746;725,0115676879883;176,46990051269532;515,51172215271;547,7760063171386;132,9446276769703;3,779115676879883;-1,7093009948730469;1,6804372215270995;2,0042600631713867;1,3301268351167528;1,0;1,0;1,0;1,0;0,0;460;479;470,32;471,0;3,997199019313399;689;689;689,0;689,0;0,0;734,7011352539063;3,7710113525390625;50;689;689;0,1;0,7;5;6,85;7,07;5,79;5,7;6,9;4,05;6,75;5,03;6,34;5,99;5,01;4,64;5,85;6,27;6,36;5,48;5,94;13,92;11,49;10,95;11,78;12,33;9,65;12,12;11,84
2;66;2025-11-04 14:38:54;2025-11-04 14:38:58;4,075951;724,6439376831055;274,7695365905762;519,3371633377076;555,4000038146972;130,17877747524182;3,7804393768310547;-0,7183046340942383;1,7250316333770752;2,0850000381469727;1,3015374898274772;1,0;1,0;1,0;1,0;0,0;465;480;471,66;471,0;3,63103291089464;688;688;688,0;688,0;0,0;734,7011352539063;3,7710113525390625;50;688;688;0,1;0,7;5;6,71;7,25;5,96;5,72;6,43;4,16;6,92;5,0;6,38;5,97;5,18;4,93;5,48;6,28;6,23;5,72;5,67;13,96;11,68;10,59;11,92;12,35;10,11;11,76;11,95
2;67;2025-11-04 14:38:58;2025-11-04 14:38:59;1,078749;725,0115676879883;192,74893760681152;502,117131866455;566,5434917449951;146,20452830726035;3,779115676879883;-1,5475106239318848;1,5475313186645507;2,193934917449951;1,46199535122342;1,0;1,0;1,0;1,0;0,0;462;480;471,36;471,0;4,018756026434051;689;689;689,0;689,0;0,0;734,7011352539063;3,7710113525390625;50;689;689;0,1;0,7;5;6,55;6,91;5,69;5,88;6,82;4,11;6,74;4,9;6,29;6,12;5,12;4,77;5,53;6,34;6,48;6,03;5,73;13,46;11,57;10,93;11,64;12,41;9,89;11,87;12,51
2;68;2025-11-04 14:38:59;2025-11-04 14:39:00;1,057369;724,6439376831055;189,09492416381835;500,63270957946776;517,3483285903931;141,21671982797747;3,7804393768310547;-1,5760507583618164;1,5380270957946778;1,7009832859039307;1,4126863244403598;1,0;1,0;1,0;1,0;0,0;460;479;471,7;472,5;4,129164564412515;688;688;688,0;688,0;0,0;734,7011352539063;3,7710113525390625;50;688;688;0,1;0,7;5;6,74;6,86;5,52;6,08;7,03;3,93;6,87;4,9;6,08;6,08;4,88;4,87;5,57;6,4;6,69;5,83;5,66;13,6;11,6;10,96;11,77;12,16;9,75;11,97;12,52
2;69;2025-11-04 14:39:00;2025-11-04 14:39:03;2,660031;725,0115676879883;102,7666395187378;510,9368008079529;563,2893989562988;156,33971365576818;3,779115676879883;-2,440333604812622;1,6364280080795288;2,1598939895629883;1,5626211206812488;1,0;1,0;1,0;1,0;0,0;463;482;472,06;472,0;4,337787454451866;689;689;689,0;689,0;0,0;734,7011352539063;3,7710113525390625;50;689;689;0,1;0,7;5;6,82;6,81;5,78;5,95;6,93;4,07;6,64;5,0;6,0;6,02;5,18;4,79;5,76;6,39;6,71;5,55;5,59;13,63;11,73;11,0;11,64;12,02;9,97;12,15;12,26
2;70;2025-11-04 14:39:03;2025-11-04 14:39:04;1,04753;724,6439376831055;201,7637939453125;501,71440042877197;545,0571300506592;148,29234208237554;3,7804393768310547;-1,452362060546875;1,5487040042877198;1,9735713005065918;1,483496981834796;1,0;1,0;1,0;1,0;0,0;459;482;471,56;470,5;4,359633012077966;688;688;688,0;688,0;0,0;734,7011352539063;3,7710113525390625;50;688;688;0,1;0,7;5;6,8;7,11;5,66;5,83;7,0;4,25;6,73;4,96;6,14;6,03;5,06;4,94;5,78;6,13;6,39;5,51;5,69;13,91;11,49;11,25;11,69;12,17;10,0;11,91;11,9
2;71;2025-11-04 14:39:04;2025-11-04 14:39:05;1,050213;725,0115676879883;193,8897216796875;543,6274643249511;576,0595417022705;126,65050787370026;3,9242467880249023;-1,549102783203125;2,0049546432495116;2,335361957550049;1,2958757196779498;1,0;0,0;0,98;1,0;0,13999999999999999;457;479;470,48;470,0;4,721186291600873;689;557;686,36;689,0;18,48;734,7011352539063;3,7710113525390625;50;689;689;0,1;0,7;5;6,8;7,22;5,74;5,73;7,05;4,15;6,72;4,86;6,12;5,84;5,01;4,83;5,74;6,24;6,47;5,59;5,9;14,02;11,47;11,2;11,58;11,96;9,84;11,98;12,06
2;72;2025-11-04 14:39:05;2025-11-04 14:39:07;2,120134;727,6661354064942;243,10739135742188;536,1839937820434;589,1772590637206;138,90296544241681;3,7706613540649414;-1,0789260864257812;1,8526999378204345;2,380772590637207;1,3891963005106112;1,0;1,0;1,0;1,0;0,0;458;479;470,86;470,0;4,604389210307922;696;696;696,0;696,0;0,0;734,7011352539063;3,7710113525390625;50;696;696;0,1;0,7;5;6,8;7,16;5,61;5,7;7,12;4,28;6,73;4,79;6,28;5,79;5,13;4,85;5,66;6,34;6,58;5,37;5,83;13,96;11,31;11,4;11,52;12,07;9,98;12,0;11,95
2;73;2025-11-04 14:39:07;2025-11-04 14:39:09;1,997008;724,6439376831055;227,5821273803711;545,9185930175781;578,9301330566407;122,62461833641055;4,229453086853027;-1,192178726196289;2,074765930175781;2,3275680541992188;1,2692974576028861;1,0;0,0;0,96;1,0;0,19595917942265428;463;481;471,18;470,5;4,403135246616892;688;565;683,12;688,0;23,90785644929298;734,7011352539063;3,7710113525390625;50;688;688;0,1;0,7;5;6,72;7,24;5,64;5,54;7,26;4,5;6,43;4,8;6,19;5,72;5,15;5,18;5,71;6,36;6,51;5,27;5,76;13,96;11,18;11,76;11,23;11,91;10,33;12,07;11,78
2;74;2025-11-04 14:39:09;2025-11-04 14:39:11;1,83666;735,293546295166;208,51135292053223;518,1770058364868;565,2094585418702;143,1541359674183;3,77193546295166;-1,4938864707946777;1,6000500583648682;2,070094585418701;1,430768179753801;1,0;1,0;1,0;1,0;0,0;466;482;473,28;474,0;3,805469747613296;711;711;711,0;711,0;0,0;734,7011352539063;3,7710113525390625;50;711;711;0,1;0,7;5;6,98;7,26;5,56;5,63;7,53;4,41;6,76;4,85;6,15;5,75;5,11;4,95;5,66;6,17;6,38;5,52;5,34;14,24;11,19;11,94;11,61;11,9;10,06;11,83;11,9
2;75;2025-11-04 14:39:11;2025-11-04 14:39:12;1,100942;724,6439376831055;174,11403884887696;516,2450319519043;561,4185180664062;144,54047984223178;3,7804393768310547;-1,7328596115112305;1,786710319519043;2,2234749794006348;1,4691765238131727;1,0;0,0;0,96;1,0;0,19595917942265428;465;481;472,16;472,0;4,021740916568346;688;511;681,58;688,0;31,62409840612061;735,293546295166;3,77193546295166;50;688;688;0,1;0,7;5;6,64;7,44;5,83;5,66;7,34;4,34;6,78;4,72;6,12;5,6;5,24;4,98;5,64;6,18;6,57;5,33;5,57;14,08;11,49;11,68;11,5;11,72;10,22;11,82;11,9
2;76;2025-11-04 14:39:12;2025-11-04 14:39:13;1,069998;725,0115676879883;113,6558057785034;525,0317794456482;585,4897491455079;145,81352337891957;3,7873764038085938;-2,340441942214966;1,819177794456482;2,392967700958252;1,4849707727708927;1,0;0,0;0,98;1,0;0,13999999999999999;465;483;472,96;473,0;4,878360380291722;689;580;686,82;689,0;15,259999999999998;735,293546295166;3,77193546295166;50;689;689;0,1;0,7;5;6,82;7,38;5,95;5,76;7,48;4,1;6,6;5,03;6,02;5,56;5,2;5,1;5,76;6,08;6,48;5,27;5,41;14,2;11,71;11,58;11,63;11,58;10,3;11,84;11,75
2;77;2025-11-04 14:39:13;2025-11-04 14:39:14;1,052184;725,0115676879883;181,27516479492186;533,3040955123901;594,9560737609863;137,65050544421482;3,779115676879883;-1,6592483520507812;1,8624809551239014;2,4745607376098633;1,3760305949562888;1,0;1,0;1,0;1,0;0,0;464;484;474,44;475,0;4,763024249360904;689;689;689,0;689,0;0,0;735,293546295166;3,77193546295166;50;689;689;0,1;0,7;5;6,83;7,36;5,8;5,92;7,52;4,56;6,6;4,9;5,96;6,07;4,86;4,81;5,58;6,09;6,6;5,43;5,11;14,19;11,72;12,08;11,5;12,03;9,67;11,67;12,03
2;78;2025-11-04 14:39:14;2025-11-04 14:39:15;1,052233;724,6439376831055;282,15477180480957;525,943817451477;554,8616935729981;131,87101586170283;3,7804393768310547;-0,6484522819519043;1,7921581745147706;2,0904860496520996;1,3184374290725098;1,0;1,0;1,0;1,0;0,0;462;485;472,72;473,0;5,095252692457951;688;688;688,0;688,0;0,0;735,293546295166;3,77193546295166;50;688;688;0,1;0,7;5;6,86;7,41;5,76;5,75;7,48;4,26;6,58;4,97;5,99;6,0;4,95;4,94;5,76;6,04;6,72;5,09;5,46;14,27;11,51;11,74;11,55;11,99;9,89;11,8;11,81
2;79;2025-11-04 14:39:15;2025-11-04 14:39:16;1,059163;725,0115676879883;172,54604797363282;516,4032540893554;561,8338649749755;138,2207466601402;3,779115676879883;-1,7475395202636719;1,7359325408935546;2,2120304107666016;1,3973558608561225;1,0;0,0;0,98;1,0;0,13999999999999999;465;483;473,4;473,0;4,494441010848846;689;554;686,3;689,0;18,900000000000002;735,293546295166;3,77193546295166;50;689;689;0,1;0,7;5;7,17;7,24;5,64;5,82;7,27;4,36;6,68;4,78;6,26;6,06;4,82;4,95;5,82;6,15;6,53;5,14;5,32;14,41;11,46;11,63;11,46;12,32;9,77;11,97;11,67
2;80;2025-11-04 14:39:16;2025-11-04 14:39:17;1,063262;724,6439376831055;224,58245162963868;530,5102828140259;589,6487575531006;141,55790532171628;3,7804393768310547;-1,2171754837036133;1,8384828281402588;2,429511070251465;1,4148887142387128;1,0;1,0;1,0;1,0;0,0;461;484;473,38;474,0;5,031461020419417;688;688;688,0;688,0;0,0;735,293546295166;3,77193546295166;50;688;688;0,1;0,7;5;6,97;7,31;5,85;5,8;7,4;4,26;6,62;4,85;6,22;5,93;5,02;4,92;5,7;6,09;6,37;5,36;5,32;14,28;11,65;11,66;11,47;12,15;9,94;11,79;11,73
2;81;2025-11-04 14:39:17;2025-11-04 14:39:19;1,175973;725,0115676879883;264,60809936523435;526,5888170852662;572,1067291259766;136,1398947911145;3,779115676879883;-0,8279190063476562;1,7942481708526612;2,2525672912597656;1,3614788211866635;1,0;1,0;1,0;1,0;0,0;463;483;473,36;474,0;4,714912512443894;689;689;689,0;689,0;0,0;735,293546295166;3,77193546295166;50;689;689;0,1;0,7;5;6,8;7,57;5,7;5,72;7,42;4,39;6,46;4,66;6,28;5,71;5,26;5,27;5,6;6,23;6,38;5,2;5,33;14,37;11,42;11,81;11,12;11,99;10,53;11,83;11,58
2;82;2025-11-04 14:39:19;2025-11-04 14:39:20;1,094866;733,6711845397949;176,50829734802247;522,4376854400635;568,1134952545166;145,0716362523861;4,286006927490234;-1,7039170265197754;1,8008968544006347;2,284057140350342;1,493279688257501;1,0;0,0;0,98;1,0;0,13999999999999999;463;484;473,22;473,5;5,467321099039272;688;555;685,34;688,0;18,62;735,293546295166;3,77193546295166;50;688;688;0,1;0,7;5;6,82;7,53;5,55;5,58;7,32;4,53;6,79;4,74;6,29;5,83;5,0;5,06;5,68;6,11;6,51;5,28;5,36;14,35;11,13;11,85;11,53;12,12;10,06;11,79;11,79
2;83;2025-11-04 14:39:20;2025-11-04 14:39:21;1,179128;745,2899780273438;182,77722778320313;506,43106267547597;568,4380611419678;146,04368498962614;3,8628997802734375;-1,7662277221679688;1,5165506267547608;2,129368782043457;1,4703406853311134;1,0;0,0;0,98;1,0;0,13999999999999999;463;482;473,84;475,5;5,529412265331642;714;530;710,32;714,0;25,759999999999998;735,293546295166;3,77193546295166;50;714;714;0,1;0,7;5;6,73;7,61;5,5;5,56;7,08;4,63;6,88;4,75;6,12;5,74;5,19;5,2;5,83;6,16;6,37;5,42;5,23;14,34;11,06;11,71;11,63;11,86;10,39;11,99;11,79
2;84;2025-11-04 14:39:21;2025-11-04 14:39:22;1,166853;735,8452186584473;269,03255195617675;498,1510120239258;538,3607103347779;140,86110099269393;3,8734521865844727;-0,8066744804382324;1,5336701202392578;1,9460053443908691;1,431470026244365;1,0;0,0;0,98;1,0;0,13999999999999999;459;482;470,96;470,0;5,5891323119067415;693;531;689,76;693,0;22,679999999999993;745,2899780273438;3,8628997802734375;50;693;693;0,1;0,7;5;6,55;7,33;5,39;5,72;7,14;4,23;6,86;4,88;6,08;5,7;5,39;5,04;5,74;6,23;6,66;5,27;5,81;13,88;11,11;11,37;11,74;11,78;10,43;11,97;11,93
2;85;2025-11-04 14:39:22;2025-11-04 14:39:23;1,140037;735,8452186584473;152,6224395751953;490,8253513717651;566,0840755462646;163,6731537901377;3,8734521865844727;-1,9707756042480469;1,4568535137176513;2,1807618141174316;1,6512262701313443;1,0;0,0;0,98;1,0;0,13999999999999999;463;481;471,9;471,0;4,6141087980237305;693;576;690,66;693,0;16,38;745,2899780273438;3,8628997802734375;50;693;693;0,1;0,7;5;6,57;7,21;5,53;5,97;6,9;4,46;6,76;4,77;6,08;5,83;5,36;5,11;5,72;6,04;6,4;5,65;5,62;13,78;11,5;11,36;11,53;11,91;10,47;11,76;12,05
2;86;2025-11-04 14:39:23;2025-11-04 14:39:24;1,066714;735,8452186584473;194,41639137268066;501,79972718811035;550,2486415863037;148,6330228441729;3,8734521865844727;-1,5508360862731934;1,5701372718811035;2,139416217803955;1,5090429070479;1,0;0,0;0,98;1,0;0,13999999999999999;459;485;472,14;472,0;5,083345355177041;693;543;690,0;693,0;21,0;745,2899780273438;3,8628997802734375;50;693;693;0,1;0,7;5;6,71;7,2;5,42;5,83;6,86;4,69;7,02;4,66;6,14;5,8;5,03;4,86;5,72;6,32;6,4;5,76;5,57;13,91;11,25;11,55;11,68;11,94;9,89;12,04;12,16
2;87;2025-11-04 14:39:24;2025-11-04 14:39:25;1,05478;735,8452186584473;255,38238143920898;543,3300918960572;573,688394165039;125,65025725270652;4,259182929992676;-0,9311761856079102;1,9839009189605712;2,287140369415283;1,2968430419617483;1,0;0,0;0,98;1,0;0,13999999999999999;464;486;474,5;474,0;5,859180830116101;693;582;690,78;693,0;15,54;745,2899780273438;3,8628997802734375;50;693;693;0,1;0,7;5;7,06;7,26;5,13;5,85;7,13;4,57;7,17;5,1;5,85;5,64;5,06;4,9;5,69;6,43;6,47;5,6;5,1;14,32;10,98;11,7;12,27;11,49;9,96;12,12;12,07
