training_number,generation,generation_start_timestamp,generation_end_timestamp,generation_duration_seconds,fitness_best,fitness_worst,fitness_avg,fitness_median,fitness_std,distance_best,distance_worst,distance_avg,distance_median,distance_std,stability_best,stability_worst,stability_avg,stability_median,stability_std,energy_best,energy_worst,energy_avg,energy_median,energy_std,time_alive_best,time_alive_worst,time_alive_avg,time_alive_median,time_alive_std,absolute_best_fitness,absolute_best_distance,population_size,genome_length,current_time_limit,mutation_rate,crossover_rate,elite_size,usage_muscle0_contract_percent,usage_muscle0_extend_percent,usage_muscle1_contract_percent,usage_muscle1_extend_percent,usage_muscle2_contract_percent,usage_muscle2_extend_percent,usage_muscle3_contract_percent,usage_muscle3_extend_percent,usage_muscle4_contract_percent,usage_muscle4_extend_percent,usage_muscle5_contract_percent,usage_muscle5_extend_percent,usage_muscle6_contract_percent,usage_muscle6_extend_percent,usage_muscle7_contract_percent,usage_muscle7_extend_percent,usage_nothing_percent,usage_muscle0_total_percent,usage_muscle1_total_percent,usage_muscle2_total_percent,usage_muscle3_total_percent,usage_muscle4_total_percent,usage_muscle5_total_percent,usage_muscle6_total_percent,usage_muscle7_total_percent
1,0,2025-11-04 13:45:55,2025-11-04 13:45:55,0,"445,1462203979492","34,16522045135497","208,63726831436156","204,4942169189453","82,48962076145052","1,9194622039794922","-2,18534779548645","-0,4437273168563843","-0,4881620407104492","0,8237866264580936","1,0","1,0","1,0","1,0","0,0",458,480,"469,9","470,0","5,139066063011838",500,500,"500,0","500,0","0,0",0,0,50,500,500,"0,1","0,7",5,"5,88","5,85","5,92","5,98","5,73","5,94","5,66","5,92","5,86","5,99","5,88","5,85","5,67","6,02","5,72","6,1","6,02","11,73","11,9","11,67","11,58","11,85","11,73","11,69","11,82"
1,1,2025-11-04 13:45:55,2025-11-04 13:45:56,"1,08934","489,5698101043701","70,74632434844972","293,6073956108093","267,81773872375487","85,48636440577212","1,8886981010437012","-2,295536756515503","-0,07102604389190674","-0,3296799659729004","0,8548291133684286","1,0","1,0","1,0","1,0","0,0",457,480,"467,9","469,0","4,754997371187496",595,595,"595,0","595,0","0,0","445,1462203979492","1,9194622039794922",50,595,595,"0,1","0,7",5,"5,92","5,37","5,64","6,27","5,89","5,96","5,69","5,62","6,05","5,85","6,38","5,69","5,21","6,09","5,67","6,29","6,42","11,29","11,91","11,85","11,31","11,9","12,07","11,3","11,96"
1,2,2025-11-04 13:45:56,2025-11-04 13:45:57,"1,169335","550,1025718688965","-211,4656988143921","295,15752827072146","279,72899475097654","142,0324450398493","2,507025718688965","-2,623656988143921","0,035935282707214355","-0,20141339302062988","1,1835614193636992","1,0","0,0","0,96","1,0","0,19595917942265428",351,480,"467,66","469,0","17,24947535434049",594,372,"588,66","594,0","31,585825935061443","489,5698101043701","1,8886981010437012",50,594,594,"0,1","0,7",5,"6,34","5,14","5,94","5,71","6,18","6,22","5,54","5,27","6,22","5,93","6,59","5,63","5,37","6,67","5,29","6,0","5,99","11,48","11,65","12,4","10,81","12,15","12,22","12,04","11,29"
1,3,2025-11-04 13:45:57,2025-11-04 13:45:59,"1,526471","565,4086898803711","-250,872575378418","339,6074058914184","301,38932647705076","142,16600271416772","2,505086898803711","-2,7177257537841797","0,3011740589141846","-0,1426067352294922","1,222450118082837","1,0","0,0","0,98","1,0","0,13999999999999999",281,484,"467,4","471,0","26,965162710430658",625,298,"618,46","625,0","45,779999999999994","550,1025718688965","2,507025718688965",50,625,625,"0,1","0,7",5,"6,38","5,1","5,82","5,8","6,27","5,91","5,99","4,86","6,14","6,04","6,97","5,6","5,49","6,5","5,51","5,84","5,76","11,48","11,62","12,18","10,85","12,18","12,57","11,99","11,35"
1,4,2025-11-04 13:45:59,2025-11-04 13:46:00,"1,118626","583,3259819030761","131,45679473876953","409,4654782638549","466,1354528427124","131,60941967522513","2,6852598190307617","-1,8354320526123047","0,9407947826385498","1,500354528427124","1,3153836044251677","1,0","1,0","1,0","1,0","0,0",459,479,"471,14","471,0","3,924334338457925",625,625,"625,0","625,0","0,0","565,4086898803711","2,505086898803711",50,625,625,"0,1","0,7",5,"6,44","5,24","6,17","5,71","6,49","5,3","6,12","4,45","5,62","6,24","7,49","6,18","5,42","5,99","5,76","5,6","5,77","11,68","11,88","11,79","10,57","11,86","13,67","11,41","11,36"
1,5,2025-11-04 13:46:00,2025-11-04 13:46:01,"1,110559","586,9819801330566","98,72805080413818","432,40084094619755","478,8787130355835","127,81550023520091","2,6768198013305664","-2,208719491958618","1,1240484094619752","1,584787130355835","1,2783600185481268","1,0","1,0","1,0","1,0","0,0",463,479,"470,04","469,5","3,9494809785590816",634,634,"634,0","634,0","0,0","583,3259819030761","2,6852598190307617",50,634,634,"0,1","0,7",5,"6,52","5,36","6,2","5,76","6,63","5,35","6,05","4,2","5,91","5,67","7,68","6,12","5,64","5,91","5,72","5,31","5,99","11,88","11,96","11,98","10,25","11,58","13,8","11,55","11,03"
1,6,2025-11-04 13:46:01,2025-11-04 13:46:02,"1,12921","586,5515029907226","-176,12723903656007","354,3576744537354","385,6367582321167","176,94981054399196","2,6775150299072266","-2,6532723903656006","0,3960967445373535","0,662367582321167","1,6567573810681695","1,0","0,0","0,98","1,0","0,13999999999999999",448,479,"471,02","472,0","5,259239488747398",633,468,"629,7","633,0","23,099999999999998","586,9819801330566","2,6768198013305664",50,633,633,"0,1","0,7",5,"6,27","5,32","5,94","5,75","6,68","5,48","6,24","4,53","6,12","5,99","6,94","6,22","5,46","6,17","5,76","5,46","5,68","11,59","11,69","12,16","10,77","12,11","13,16","11,63","11,22"
1,7,2025-11-04 13:46:02,2025-11-04 13:46:03,"1,123812","586,5515029907226","73,65230312347413","377,59371715545655","443,11231994628906","150,2640174488647","2,6775150299072266","-2,462476968765259","0,5828371715545654","1,2369823455810547","1,5028214145791439","1,0","1,0","1,0","1,0","0,0",462,482,"471,9","472,0","4,644351407893248",633,633,"633,0","633,0","0,0","586,9819801330566","2,6768198013305664",50,633,633,"0,1","0,7",5,"6,38","5,39","6,22","5,84","6,55","5,41","6,23","4,53","5,96","5,86","6,6","6,5","5,9","6,03","5,56","5,42","5,62","11,77","12,06","11,96","10,76","11,82","13,1","11,93","10,98"
1,8,2025-11-04 13:46:03,2025-11-04 13:46:05,"1,108012","586,5515029907226","117,1780466079712","424,32375056838987","470,3843126296997","127,88443642733516","2,6775150299072266","-2,027219533920288","1,049477505683899","1,506343126296997","1,2787359822789728","1,0","1,0","1,0","1,0","0,0",461,480,"471,24","472,0","5,097293399442493",633,633,"633,0","633,0","0,0","586,9819801330566","2,6768198013305664",50,633,633,"0,1","0,7",5,"6,54","5,18","6,3","5,82","7,01","5,32","6,2","4,86","5,81","5,73","6,39","6,28","5,68","6,05","5,78","5,3","5,75","11,72","12,12","12,33","11,06","11,54","12,67","11,73","11,08"
1,9,2025-11-04 13:46:05,2025-11-04 13:46:06,"1,127667","586,5515029907226","78,14255123138429","415,2905569419861","467,99033203125","136,6600084519082","2,6775150299072266","-2,4065744876861572","0,9595455694198608","1,4884033203125","1,36586846414493","1,0","1,0","1,0","1,0","0,0",461,482,"471,64","472,0","4,9305577777772776",633,633,"633,0","633,0","0,0","586,9819801330566","2,6768198013305664",50,633,633,"0,1","0,7",5,"6,36","5,2","6,43","6,1","6,85","5,47","6,14","5,36","5,72","5,68","6,16","6,3","5,66","5,87","5,94","5,07","5,67","11,56","12,53","12,32","11,5","11,4","12,46","11,53","11,01"
1,10,2025-11-04 13:46:06,2025-11-04 13:46:07,"1,247653","586,5515029907226","108,11853351593018","455,1158926048278","483,79154510498046","105,50244704571604","2,6775150299072266","-2,1128146648406982","1,3571189260482788","1,6434154510498047","1,0535489343190978","1,0","1,0","1,0","1,0","0,0",455,479,"470,96","472,0","5,153484258247035",633,633,"633,0","633,0","0,0","586,9819801330566","2,6768198013305664",50,633,633,"0,1","0,7",5,"6,55","5,21","6,19","6,06","6,56","5,61","6,41","5,25","5,94","5,5","5,94","6,3","5,53","6,12","5,91","5,12","5,81","11,76","12,25","12,17","11,66","11,44","12,24","11,65","11,03"
1,11,2025-11-04 13:46:07,2025-11-04 13:46:08,"1,177813","586,5515029907226","153,04787101745606","452,62012403106695","501,49847106933595","116,37436819946471","2,6775150299072266","-1,6635212898254395","1,331441240310669","1,8194847106933594","1,1629716401264385","1,0","1,0","1,0","1,0","0,0",461,481,"470,24","470,0","4,55877176441199",633,633,"633,0","633,0","0,0","586,9819801330566","2,6768198013305664",50,633,633,"0,1","0,7",5,"6,24","5,41","6,24","6,15","6,7","5,76","6,37","5,14","6,17","5,35","5,44","6,29","5,33","6,02","6,05","5,36","5,95","11,65","12,39","12,46","11,51","11,52","11,73","11,35","11,41"
1,12,2025-11-04 13:46:08,2025-11-04 13:46:09,"1,354598","586,5515029907226","107,69913349151611","381,5482644844054","347,835976600647","129,50457453607652","2,6775150299072266","-2,114008665084839","0,6206826448440552","0,2833597660064697","1,294173994128058","1,0","1,0","1,0","1,0","0,0",462,478,"470,2","469,0","3,898717737923585",633,633,"633,0","633,0","0,0","586,9819801330566","2,6768198013305664",50,633,633,"0,1","0,7",5,"6,01","5,72","6,28","6,19","6,64","5,84","6,46","4,84","6,06","5,4","5,77","6,36","5,35","5,97","6,03","5,12","5,96","11,73","12,47","12,48","11,3","11,46","12,13","11,32","11,15"
1,13,2025-11-04 13:46:10,2025-11-04 13:46:11,"1,297294","588,3257911682128","128,5233627319336","413,10280438232417","466,1713796615601","143,24329566912147","2,685257911682129","-1,900766372680664","0,9349480438232421","1,4682137966156006","1,431528176700252","1,0","1,0","1,0","1,0","0,0",461,479,"468,92","468,0","4,444502221846672",633,633,"633,0","633,0","0,0","586,9819801330566","2,6768198013305664",50,633,633,"0,1","0,7",5,"6,31","5,78","6,2","5,92","6,53","5,56","6,25","4,6","6,15","5,4","5,77","6,62","5,61","5,82","5,89","5,38","6,22","12,09","12,12","12,09","10,85","11,55","12,39","11,43","11,27"
1,14,2025-11-04 13:46:11,2025-11-04 13:46:12,"1,146131","588,5477951049804","121,07669525146486","446,2360434799195","506,37495346069335","127,4400879006824","2,6824779510498047","-1,9822330474853516","1,2605804347991942","1,8567495346069336","1,2743012038197459","1,0","1,0","1,0","1,0","0,0",453,478,"468,22","468,0","5,135328616554154",634,634,"634,0","634,0","0,0","588,3257911682128","2,685257911682129",50,634,634,"0,1","0,7",5,"6,38","5,98","6,16","5,86","6,45","5,27","6,31","4,5","6,67","5,54","5,84","6,26","5,73","5,96","5,17","5,57","6,36","12,36","12,02","11,72","10,81","12,21","12,1","11,69","10,74"
1,15,2025-11-04 13:46:12,2025-11-04 13:46:13,"1,144564","588,5477951049804","141,15318565368653","438,69847434234623","494,445489692688","126,36269922884446","2,6824779510498047","-1,7914681434631348","1,1866647434234618","1,7432153224945068","1,2635254218441785","1,0","1,0","1,0","1,0","0,0",456,481,"469,68","469,0","5,193996534461686",634,634,"634,0","634,0","0,0","588,5477951049804","2,6824779510498047",50,634,634,"0,1","0,7",5,"6,52","6,23","6,07","5,79","6,34","5,17","6,42","4,5","6,84","5,44","5,87","6,35","5,82","5,88","5,2","5,5","6,06","12,75","11,86","11,51","10,92","12,28","12,22","11,7","10,7"
1,16,2025-11-04 13:46:13,2025-11-04 13:46:14,"1,108929","588,5477951049804","139,633629989624","429,01197383880617","483,39356689453126","125,32566258302258","2,6824779510498047","-1,8106637001037598","1,0903197383880616","1,6309356689453125","1,2532469218462663","1,0","1,0","1,0","1,0","0,0",462,480,"470,2","471,0","4,762352359916263",634,634,"634,0","634,0","0,0","588,5477951049804","2,6824779510498047",50,634,634,"0,1","0,7",5,"6,64","6,28","6,17","5,67","6,3","5,01","6,28","4,61","6,74","5,55","5,7","6,3","5,97","6,03","5,12","5,66","5,96","12,92","11,84","11,31","10,89","12,29","12,0","12,0","10,78"
1,17,2025-11-04 13:46:14,2025-11-04 13:46:15,"1,252119","629,112100982666","155,7292766571045","414,12423080444336","454,700951385498","131,60771656216156","3,08712100982666","-1,637707233428955","0,9418423080444336","1,3490095138549805","1,3152927494703777","1,0","1,0","1,0","1,0","0,0",464,478,"470,6","470,0","4,418144406874904",634,634,"634,0","634,0","0,0","588,5477951049804","2,6824779510498047",50,634,634,"0,1","0,7",5,"6,59","6,38","6,11","5,69","6,41","4,83","6,27","4,55","7,01","5,67","5,7","6,54","6,1","5,86","4,92","5,5","5,88","12,97","11,8","11,24","10,82","12,68","12,24","11,96","10,42"
1,18,2025-11-04 13:46:15,2025-11-04 13:46:17,"1,205235","638,5759452819824","-218,8817144393921","409,80641423416125","468,89905109405515","166,34644599690262","3,081759452819824","-2,762817144393921","0,8534441423416138","1,3874905109405518","1,4918936880849127","1,0","0,0","0,98","1,0","0,13999999999999999",356,481,"468,58","471,0","16,73569837204292",654,386,"648,64","654,0","37,52000000000001","629,112100982666","3,08712100982666",50,654,654,"0,1","0,7",5,"6,39","6,26","5,98","5,64","6,6","4,85","6,36","4,62","7,17","5,86","5,58","6,26","6,01","5,87","4,94","5,76","5,86","12,65","11,62","11,45","10,98","13,03","11,84","11,88","10,7"
1,19,2025-11-04 13:46:17,2025-11-04 13:46:18,"1,145623","638,5759452819824","113,448907661438","453,4423036079407","492,2052358627319","119,01884083659084","3,081759452819824","-2,15851092338562","1,2359430360794068","1,6230523586273193","1,18951064283171","1,0","1,0","1,0","1,0","0,0",461,482,"471,52","471,0","5,080314950866727",654,654,"654,0","654,0","0,0","638,5759452819824","3,081759452819824",50,654,654,"0,1","0,7",5,"6,76","6,24","5,88","5,7","6,57","4,94","6,4","4,69","6,75","5,9","5,81","6,09","6,36","5,39","4,97","5,84","5,7","13,0","11,58","11,51","11,09","12,65","11,9","11,75","10,81"
1,20,2025-11-04 13:46:18,2025-11-04 13:46:19,"1,129551","638,5759452819824","-261,3608667373657","461,73714358901975","522,0210744857789","154,67401151958373","3,2819671630859375","-2,8166086673736572","1,4411114358901977","1,9280366897583008","1,314514837114351","1,0","0,0","0,96","1,0","0,19595917942265428",277,478,"463,04","471,0","37,475303868014194",654,296,"639,86","654,0","69,277416233575","638,5759452819824","3,081759452819824",50,654,654,"0,1","0,7",5,"6,95","6,0","5,91","5,44","6,73","5,12","6,47","4,67","7,12","5,63","5,71","5,68","6,37","5,78","4,86","5,68","5,88","12,95","11,35","11,85","11,14","12,75","11,39","12,15","10,54"
1,21,2025-11-04 13:46:19,2025-11-04 13:46:20,"1,138522","645,5746559143066","128,73005065917968","479,8384655685425","535,4490266799927","125,62101181376904","3,1017465591430664","-2,053699493408203","1,4511646556854247","2,0059902667999268","1,255223328395759","1,0","1,0","1,0","1,0","0,0",466,479,"472,78","473,0","3,7163961037542816",664,664,"664,0","664,0","0,0","638,5759452819824","3,081759452819824",50,664,664,"0,1","0,7",5,"6,57","6,71","6,17","5,82","6,47","4,92","6,27","4,57","6,38","5,43","5,8","6,21","6,61","5,42","5,24","5,98","5,44","13,28","11,99","11,39","10,84","11,81","12,01","12,03","11,22"
1,22,2025-11-04 13:46:20,2025-11-04 13:46:21,"1,130426","639,2362579345703","-209,1645975112915","456,3124925041198","521,4547546386718","160,79575781304413","3,083362579345703","-2,821645975112915","1,3117249250411986","1,9065475463867188","1,4246499450305574","1,0","0,0","0,98","1,0","0,13999999999999999",395,479,"470,6","472,0","11,405261943506602",655,425,"650,4","655,0","32,2","645,5746559143066","3,1017465591430664",50,655,655,"0,1","0,7",5,"6,56","6,68","6,12","5,62","6,25","4,85","6,18","4,87","6,68","5,22","6,06","6,28","6,42","5,78","5,06","5,78","5,59","13,24","11,74","11,1","11,05","11,9","12,34","12,2","10,84"
1,23,2025-11-04 13:46:21,2025-11-04 13:46:22,"1,159425","638,5759452819824","225,02125930786133","473,0081289215088","514,6008544921874","119,44591851576075","3,081759452819824","-1,0447874069213867","1,433661289215088","1,852508544921875","1,1949065620703416","1,0","1,0","1,0","1,0","0,0",462,481,"473,58","474,5","4,42759528412433",654,654,"654,0","654,0","0,0","645,5746559143066","3,1017465591430664",50,654,654,"0,1","0,7",5,"6,61","6,72","6,05","5,7","6,58","4,93","6,37","4,55","6,78","5,64","6,08","6,08","6,11","5,72","5,0","5,8","5,28","13,33","11,75","11,51","10,92","12,42","12,16","11,83","10,8"
1,24,2025-11-04 13:46:22,2025-11-04 13:46:24,"1,147214","638,5759452819824","120,3005910873413","416,7271893043518","482,2525337219238","143,3487946811043","3,081759452819824","-2,097994089126587","0,871251893043518","1,5320253372192383","1,4337384988729296","1,0","1,0","1,0","1,0","0,0",463,483,"473,98","474,0","3,849623358200124",654,654,"654,0","654,0","0,0","645,5746559143066","3,1017465591430664",50,654,654,"0,1","0,7",5,"6,5","6,88","6,22","5,66","6,36","5,01","6,35","4,48","6,64","5,67","6,32","6,08","5,96","5,58","5,29","5,8","5,2","13,38","11,88","11,37","10,83","12,31","12,4","11,54","11,09"
1,25,2025-11-04 13:46:24,2025-11-04 13:46:25,"1,128567","638,5759452819824","240,85799674987794","446,64221970367436","508,2742889404297","122,42301025959672","3,081759452819824","-0,8894200325012207","1,170742197036743","1,7872428894042969","1,2241473934234413","1,0","1,0","1,0","1,0","0,0",462,482,"474,32","475,0","3,8958439393795024",654,654,"654,0","654,0","0,0","645,5746559143066","3,1017465591430664",50,654,654,"0,1","0,7",5,"6,56","6,85","6,08","5,54","6,36","5,17","6,37","4,58","6,6","5,75","6,25","6,03","6,33","5,33","5,45","5,62","5,14","13,41","11,62","11,53","10,95","12,35","12,28","11,66","11,07"
1,26,2025-11-04 13:46:25,2025-11-04 13:46:26,"1,110128","638,5759452819824","-288,72822589874266","379,90004999160766","379,7614534378052","201,2304330382919","3,081759452819824","-2,996220111846924","0,6658004999160767","0,5021145343780518","1,5645267964886371","1,0","0,0","0,94","1,0","0,23748684174075838",237,482,"465,9","472,0","34,60939178893498",654,251,"637,82","654,0","68,39815494587555","645,5746559143066","3,1017465591430664",50,654,654,"0,1","0,7",5,"6,47","6,69","6,18","5,52","6,28","5,19","6,61","4,66","6,7","5,67","6,1","5,92","5,97","5,58","5,48","5,47","5,52","13,16","11,7","11,47","11,27","12,37","12,02","11,55","10,95"
1,27,2025-11-04 13:46:26,2025-11-04 13:46:27,"1,094883","638,5759452819824","-316,49820079803465","395,72547285842893","489,86319160461426","219,01586123448172","3,081759452819824","-2,924980878829956","0,8464747285842895","1,6011319160461426","1,684497050966881","1,0","0,0","0,94","1,0","0,23748684174075835",174,479,"460,62","472,5","51,075587123399764",654,185,"632,28","654,0","88,43552227470587","645,5746559143066","3,1017465591430664",50,654,654,"0,1","0,7",5,"6,66","6,82","6,27","5,5","6,38","5,03","6,3","4,71","6,55","5,43","6,07","6,16","6,1","5,67","5,34","5,48","5,54","13,48","11,77","11,41","11,01","11,98","12,23","11,77","10,82"
1,28,2025-11-04 13:46:27,2025-11-04 13:46:28,"1,131596","638,5759452819824","-166,2914831161499","421,8127890205383","483,9492063522339","168,1650272381043","3,081759452819824","-2,855914831161499","0,9625278902053833","1,5469920635223389","1,5558785527865069","1,0","0,0","0,98","1,0","0,13999999999999999",462,479,"472,2","472,0","3,6878177829171546",654,532,"651,56","654,0","17,080000000000002","645,5746559143066","3,1017465591430664",50,654,654,"0,1","0,7",5,"6,62","6,88","5,92","5,7","6,48","4,94","6,19","4,7","6,63","5,37","6,07","6,2","6,04","5,8","5,49","5,42","5,56","13,5","11,62","11,42","10,89","12,0","12,27","11,84","10,91"
1,29,2025-11-04 13:46:28,2025-11-04 13:46:29,"1,248781","638,5759452819824","-138,64886646270753","434,6366886367798","493,091778755188","161,42499329699768","3,081759452819824","-2,623488664627075","1,0901268863677978","1,6309177875518799","1,4898605470873993","1,0","0,0","0,98","1,0","0,13999999999999999",465,479,"472,56","473,0","3,3535652669957083",654,542,"651,76","654,0","15,679999999999998","645,5746559143066","3,1017465591430664",50,654,654,"0,1","0,7",5,"6,71","6,89","6,14","5,79","6,22","4,58","6,36","4,74","6,62","5,52","5,94","6,4","6,0","5,86","5,52","5,24","5,49","13,6","11,93","10,8","11,1","12,14","12,34","11,86","10,76"
1,30,2025-11-04 13:46:29,2025-11-04 13:46:31,"1,142673","638,5759452819824","106,9986888885498","428,95905601501465","489,29287834167485","139,92695272281523","3,1444272994995117","-2,227013111114502","1,0333905601501465","1,7393991947174072","1,4311135046490284","1,0","0,0","0,98","1,0","0,13999999999999999",463,481,"473,1","473,0","3,8223029707232783",654,547,"651,86","654,0","14,979999999999999","645,5746559143066","3,1017465591430664",50,654,654,"0,1","0,7",5,"6,52","6,94","6,12","5,76","6,1","4,8","6,36","4,67","6,67","5,52","5,95","6,34","5,95","6,02","5,65","5,25","5,38","13,46","11,88","10,9","11,03","12,19","12,29","11,97","10,9"
1,31,2025-11-04 13:46:31,2025-11-04 13:46:32,"1,109177","640,5935997009277","-245,85313606262207","401,28219371795655","417,5810005187988","178,9982081367793","3,0869359970092773","-2,8535313606262207","0,8722219371795654","1,4408965110778809","1,4610524596279009","1,0","0,0","0,94","1,0","0,23748684174075835",293,482,"464,0","472,0","34,67275587547088",657,302,"638,92","657,0","72,61703381438821","645,5746559143066","3,1017465591430664",50,657,657,"0,1","0,7",5,"6,58","6,71","6,07","5,76","6,2","4,84","6,53","4,75","6,75","5,48","5,83","6,43","5,8","6,05","5,49","5,16","5,57","13,29","11,83","11,04","11,28","12,23","12,26","11,85","10,65"
1,32,2025-11-04 13:46:32,2025-11-04 13:46:33,"1,256812","638,5759452819824","125,96569023132324","443,9808427810669","514,3129266738891","136,56064170649933","3,4217700958251953","-2,0363430976867676","1,182808427810669","1,857422113418579","1,401505695572619","1,0","0,0","0,98","1,0","0,13999999999999999",463,480,"471,4","472,0","3,872983346207417",654,538,"651,68","654,0","16,240000000000002","645,5746559143066","3,1017465591430664",50,654,654,"0,1","0,7",5,"6,51","6,78","6,15","5,74","6,67","4,98","6,27","4,74","6,71","5,37","5,39","6,38","5,96","6,3","5,18","5,15","5,72","13,29","11,89","11,65","11,01","12,08","11,77","12,26","10,33"
1,33,2025-11-04 13:46:33,2025-11-04 13:46:34,"1,175223","650,505167388916","103,35280990600586","445,42293820190434","501,9656999588012","147,05065593273616","3,4031667709350586","-2,3514719009399414","1,154249382019043","1,7818598747253418","1,537158423183489","1,0","0,0","0,96","1,0","0,19595917942265428",462,482,"471,92","471,5","4,265395644017094",671,549,"666,38","671,0","22,670588876339316","645,5746559143066","3,1017465591430664",50,671,671,"0,1","0,7",5,"6,42","6,89","5,94","5,67","6,77","5,17","6,06","4,69","6,75","5,6","5,47","6,25","5,77","6,38","5,25","5,29","5,62","13,31","11,61","11,94","10,75","12,35","11,72","12,15","10,54"
1,34,2025-11-04 13:46:34,2025-11-04 13:46:35,"1,40369","649,8238739013672","133,93964557647706","408,15358067703244","372,1509855270386","150,57357025226904","3,114238739013672","-2,0386035442352295","0,7029158067703247","0,34100985527038574","1,5058355520163336","1,0","1,0","1,0","1,0","0,0",466,481,"471,38","471,0","3,27957314295626",670,670,"670,0","670,0","0,0","650,505167388916","3,11605167388916",50,670,670,"0,1","0,7",5,"6,18","6,86","6,09","5,78","6,55","5,06","6,18","4,82","6,68","5,58","5,67","6,28","5,88","6,2","5,25","5,22","5,72","13,04","11,87","11,61","11,0","12,26","11,95","12,08","10,47"
1,35,2025-11-04 13:46:36,2025-11-04 13:46:37,"1,223099","639,2362579345703","-217,49084339141848","384,82022838973995","379,45546436309814","181,70111786228003","3,083362579345703","-2,8389084339141846","0,6831622838973999","0,5930793285369873","1,5650836445541707","1,0","0,0","0,94","1,0","0,23748684174075838",386,477,"468,76","470,5","12,592950408859712",655,410,"644,76","655,0","43,367988194058526","650,505167388916","3,11605167388916",50,655,655,"0,1","0,7",5,"6,18","6,65","6,2","5,84","6,48","5,08","6,07","4,73","6,96","5,67","5,64","6,3","5,87","6,13","5,3","5,07","5,83","12,83","12,04","11,56","10,8","12,63","11,94","12,0","10,37"
1,36,2025-11-04 13:46:37,2025-11-04 13:46:38,"1,217433","638,5759452819824","112,64574279785157","409,415878982544","438,9468002319336","150,69352825726054","3,081759452819824","-2,1725425720214844","0,7944587898254395","1,089468002319336","1,5077106916569538","1,0","1,0","1,0","1,0","0,0",462,477,"470,3","470,0","3,2326459750489227",654,654,"654,0","654,0","0,0","650,505167388916","3,11605167388916",50,654,654,"0,1","0,7",5,"6,09","6,58","5,9","5,58","6,86","5,11","6,2","5,09","6,82","5,74","5,56","6,22","5,7","6,5","5,32","4,82","5,94","12,67","11,48","11,97","11,29","12,56","11,78","12,2","10,14"
1,37,2025-11-04 13:46:38,2025-11-04 13:46:39,"1,301637","638,5759452819824","-284,43667697906494","435,8381532173157","520,496039390564","180,86815195166326","3,4806032180786133","-2,7393667697906494","1,1784015321731567","1,96413254737854","1,6198627866715263","1,0","0,0","0,96","1,0","0,19595917942265428",205,477,"463,92","471,0","38,467565558532556",654,220,"640,78","654,0","67,99214366380869","650,505167388916","3,11605167388916",50,654,654,"0,1","0,7",5,"6,47","6,4","5,73","5,58","6,8","5,32","6,24","5,04","7,12","5,67","5,37","6,12","5,79","6,55","5,11","4,8","5,88","12,87","11,31","12,12","11,28","12,79","11,49","12,34","9,91"
1,38,2025-11-04 13:46:39,2025-11-04 13:46:41,"1,718276","652,4768547058105","-246,458832359314","447,74780908203115","544,6413997650146","180,72941996310766","3,1207685470581055","-2,7485883235931396","1,1404180908203125","2,0549139976501465","1,6107681312198154","1,0","0,0","0,98","1,0","0,13999999999999999",296,482,"467,14","470,0","24,767729003685417",674,316,"666,84","674,0","50,12","650,505167388916","3,11605167388916",50,674,674,"0,1","0,7",5,"6,6","6,56","5,79","5,62","6,76","5,25","6,34","4,78","7,16","5,52","5,56","6,22","5,47","6,43","5,16","4,9","5,88","13,16","11,41","12,01","11,12","12,68","11,78","11,9","10,06"
1,39,2025-11-04 13:46:41,2025-11-04 13:46:42,"1,268161","639,909349822998","-272,1654203414917","431,9164754104615","523,7005954742431","193,60498238886663","3,0850934982299805","-2,6209781169891357","1,1904647541046143","1,9509484767913818","1,5610404947930903","1,0","0,0","0,94","1,0","0,23748684174075838",188,482,"461,8","471,0","45,02132827893908",656,202,"636,1","656,0","81,94833738398846","652,4768547058105","3,1207685470581055",50,656,656,"0,1","0,7",5,"6,41","6,26","5,84","5,68","6,85","5,14","6,38","4,86","7,24","5,79","5,87","6,27","5,21","6,45","5,23","4,85","5,67","12,67","11,52","11,99","11,24","13,03","12,14","11,66","10,08"
1,40,2025-11-04 13:46:42,2025-11-04 13:46:44,"1,282376","638,5759452819824","-224,57463817596437","438,5536743507385","518,6039422988891","171,21891604155454","3,8493452072143555","-2,5877463817596436","1,2236767435073852","1,9749946594238281","1,5821789584710597","1,0","0,0","0,94","1,0","0,23748684174075838",298,480,"467,54","471,0","24,608299413002925",654,328,"643,88","654,0","48,51665281117401","652,4768547058105","3,1207685470581055",50,654,654,"0,1","0,7",5,"6,35","6,17","5,84","5,71","6,72","5,05","6,53","4,99","7,03","5,84","6,07","6,19","5,21","6,5","5,12","4,84","5,83","12,52","11,55","11,77","11,52","12,87","12,26","11,71","9,96"
1,41,2025-11-04 13:46:44,2025-11-04 13:46:46,"1,999393","661,2853569030761","-292,8046522140503","451,23827689361576","538,1386726379394","213,90545039394007","3,1188535690307617","-2,743046522140503","1,2195627689361572","1,8883867263793945","1,5560856724863692","1,0","0,0","0,94","1,0","0,23748684174075838",185,477,"459,68","471,0","49,90047695162843",692,200,"668,5","692,0","95,42122405419038","652,4768547058105","3,1207685470581055",50,692,692,"0,1","0,7",5,"6,69","6,36","6,05","5,68","6,43","4,84","6,22","5,08","6,94","5,78","5,98","6,18","5,32","6,41","5,28","4,94","5,81","13,05","11,73","11,27","11,3","12,72","12,16","11,73","10,22"
1,42,2025-11-04 13:46:46,2025-11-04 13:46:47,"1,369072","639,2362579345703","-260,65794639587403","433,93013492202766","531,4096347808838","194,65154763807823","3,083362579345703","-3,0385794639587402","1,139741349220276","2,009596347808838","1,646334933157409","1,0","0,0","0,96","1,0","0,19595917942265426",328,481,"467,94","471,0","20,49918047142373",655,352,"645,5","655,0","48,34883659406915","661,2853569030761","3,1188535690307617",50,655,655,"0,1","0,7",5,"6,5","6,42","6,05","5,66","6,55","5,09","6,27","4,94","7,17","5,7","5,9","6,16","5,38","6,52","5,21","4,67","5,8","12,92","11,71","11,64","11,21","12,87","12,06","11,9","9,88"
1,43,2025-11-04 13:46:47,2025-11-04 13:46:48,"1,329908","638,5759452819824","-181,97477111816409","478,4705625534058","538,8566432952881","150,74448998620866","3,081759452819824","-2,6187477111816406","1,5362056255340577","2,090066432952881","1,316929617144764","1,0","0,0","0,98","1,0","0,13999999999999999",416,484,"470,4","471,0","8,74528444363018",654,443,"649,78","654,0","29,540000000000006","661,2853569030761","3,1188535690307617",50,654,654,"0,1","0,7",5,"6,75","6,2","6,19","5,95","6,4","5,05","6,24","5,03","6,67","5,8","5,92","6,15","5,58","6,58","5,19","4,6","5,71","12,95","12,14","11,45","11,27","12,47","12,07","12,16","9,79"
1,44,2025-11-04 13:46:48,2025-11-04 13:46:50,"1,301175","638,5759452819824","-212,71926364898684","445,8640547943115","527,7512027740479","191,13640260314955","3,081759452819824","-2,806192636489868","1,2499405479431152","1,9755120277404785","1,655323450654056","1,0","0,0","0,96","1,0","0,19595917942265428",381,484,"469,9","471,0","13,41528978442136",654,412,"647,72","654,0","35,14998719772171","661,2853569030761","3,1188535690307617",50,654,654,"0,1","0,7",5,"6,47","6,19","6,08","6,14","6,52","5,17","6,31","5,07","6,52","5,72","5,76","6,27","5,56","6,6","5,18","4,76","5,68","12,66","12,22","11,69","11,38","12,24","12,03","12,16","9,94"
1,45,2025-11-04 13:46:50,2025-11-04 13:46:51,"1,169094","638,5759452819824","235,49402656555176","447,89631363677984","499,51775035858157","133,55689677660362","3,081759452819824","-0,9390597343444824","1,1827831363677979","1,6991775035858154","1,334549666504853","1,0","1,0","1,0","1,0","0,0",460,484,"473,82","473,5","4,978714693573031",654,654,"654,0","654,0","0,0","661,2853569030761","3,1188535690307617",50,654,654,"0,1","0,7",5,"6,47","6,2","5,94","6,27","6,7","5,35","6,29","5,07","6,56","5,87","5,88","6,09","5,56","6,21","5,38","4,92","5,24","12,67","12,21","12,05","11,36","12,43","11,97","11,77","10,3"
1,46,2025-11-04 13:46:51,2025-11-04 13:46:52,"1,130678","638,5759452819824","221,26789054870605","461,07960857391356","514,2785928726196","131,51355265935985","3,081759452819824","-1,0833210945129395","1,3143960857391357","1,8447859287261963","1,3155348356947638","1,0","1,0","1,0","1,0","0,0",464,484,"473,6","473,0","4,237924020083418",654,654,"654,0","654,0","0,0","661,2853569030761","3,1188535690307617",50,654,654,"0,1","0,7",5,"6,58","6,3","6,18","6,3","7,06","5,06","6,16","5,25","6,37","5,92","5,82","5,98","5,44","5,82","5,45","5,04","5,28","12,88","12,48","12,12","11,41","12,29","11,8","11,26","10,49"
1,47,2025-11-04 13:46:52,2025-11-04 13:46:53,"1,212374","638,5759452819824","-295,0460861206055","407,45497118377693","498,1480978012085","203,23053003307328","3,081759452819824","-2,841289520263672","0,9139097118377686","1,683480978012085","1,6392054036771972","1,0","0,0","0,96","1,0","0,19595917942265428",178,484,"463,36","473,0","52,061409892549015",654,191,"636,8","654,0","84,52053005039663","661,2853569030761","3,1188535690307617",50,654,654,"0,1","0,7",5,"6,62","6,12","5,89","6,27","6,64","5,39","6,63","5,18","6,44","6,16","6,05","5,81","5,3","5,97","5,09","5,16","5,27","12,74","12,16","12,03","11,81","12,6","11,86","11,27","10,25"
1,48,2025-11-04 13:46:53,2025-11-04 13:46:54,"1,253753","638,5759452819824","-238,7795612335205","415,8271924209595","488,9056585311889","168,0322785894063","3,081759452819824","-2,490795612335205","0,9245719242095948","1,5910565853118896","1,4785066392759478","1,0","0,0","0,98","1,0","0,13999999999999999",252,484,"468,0","472,0","31,183328879386817",654,271,"646,34","654,0","53,61999999999999","661,2853569030761","3,1188535690307617",50,654,654,"0,1","0,7",5,"6,54","6,21","5,91","6,23","6,94","5,42","6,36","5,2","6,03","5,91","5,8","5,9","5,33","6,16","5,19","5,34","5,53","12,75","12,14","12,36","11,56","11,94","11,7","11,49","10,53"
1,49,2025-11-04 13:46:54,2025-11-04 13:46:56,"1,244306","638,5759452819824","151,2775707244873","447,4900353393555","498,7153743743896","143,95561488902447","3,081759452819824","-1,787224292755127","1,1764403533935548","1,6881537437438965","1,4402378702913172","1,0","1,0","1,0","1,0","0,0",462,484,"471,54","471,0","4,055662707869085",654,654,"654,0","654,0","0,0","661,2853569030761","3,1188535690307617",50,654,654,"0,1","0,7",5,"6,64","6,07","6,07","6,06","7,02","5,62","6,38","5,2","6,1","5,65","5,71","5,91","5,38","6,1","5,24","5,16","5,69","12,71","12,13","12,64","11,58","11,75","11,62","11,48","10,4"
1,50,2025-11-04 13:46:56,2025-11-04 13:46:57,"1,23918","638,5759452819824","-268,38802337646484","432,7261289672852","515,0710428237915","171,4517783917705","3,081759452819824","-2,7838802337646484","1,0916812896728516","1,850210428237915","1,4986948889008036","1,0","0,0","0,98","1,0","0,13999999999999999",255,484,"466,12","470,0","30,401736792492628",654,271,"646,34","654,0","53,61999999999999","661,2853569030761","3,1188535690307617",50,654,654,"0,1","0,7",5,"6,48","6,25","5,96","6,02","7,05","5,38","6,36","5,22","6,54","5,36","5,33","6,04","5,26","6,4","5,39","5,02","5,91","12,73","11,98","12,43","11,58","11,9","11,37","11,66","10,41"
1,51,2025-11-04 13:46:57,2025-11-04 13:46:59,"1,878807","638,5759452819824","140,55318069458008","477,65004251861575","528,6491607666015","120,15147680053428","3,081759452819824","-1,8894681930541992","1,4796604251861571","1,9874916076660156","1,2011213795014277","1,0","1,0","1,0","1,0","0,0",466,486,"473,16","473,0","4,53148982123981",654,654,"654,0","654,0","0,0","661,2853569030761","3,1188535690307617",50,654,654,"0,1","0,7",5,"6,77","5,94","6,17","6,27","6,79","5,17","6,12","5,2","6,15","5,97","5,8","6,22","5,53","6,22","5,26","5,07","5,37","12,71","12,44","11,96","11,32","12,12","12,02","11,75","10,33"
1,52,2025-11-04 13:46:59,2025-11-04 13:47:00,"1,173588","641,8672309875489","-252,84876403808596","450,1558794364929","509,2609344482422","185,2150447533101","3,1326723098754883","-2,7724876403808594","1,3191987943649293","1,7941093444824219","1,4746014214201075","1,0","0,0","0,96","1,0","0,19595917942265428",286,484,"466,34","472,0","30,43984888267352",654,306,"641,74","654,0","60,63227193500175","661,2853569030761","3,1188535690307617",50,654,654,"0,1","0,7",5,"6,61","5,9","5,83","6,3","6,68","5,31","6,2","5,31","6,4","6,32","6,34","6,05","5,03","5,83","5,09","5,22","5,59","12,51","12,13","11,99","11,51","12,72","12,39","10,86","10,31"
1,53,2025-11-04 13:47:00,2025-11-04 13:47:01,"1,246761","642,6640029907227","-269,32641143798827","430,53678133392333","506,1649747848511","173,62786598187586","3,1306400299072266","-2,606264114379883","1,0656278133392334","1,7531497478485107","1,5140858525389882","1,0","0,0","0,98","1,0","0,13999999999999999",207,484,"467,06","472,0","37,4424411597321",656,224,"647,36","656,0","60,480000000000004","661,2853569030761","3,1188535690307617",50,656,656,"0,1","0,7",5,"6,66","6,13","5,79","6,21","6,61","5,26","5,8","5,35","6,4","6,17","6,23","6,18","5,22","6,05","5,26","5,14","5,54","12,79","12,0","11,87","11,15","12,57","12,41","11,27","10,4"
1,54,2025-11-04 13:47:01,2025-11-04 13:47:03,"1,33573","642,6640029907227","109,64722900390626","442,0891532058715","494,9880035400391","148,00345243767313","3,1306400299072266","-2,2065277099609375","1,1132715320587159","1,6418800354003906","1,4809740246022456","1,0","1,0","1,0","1,0","0,0",463,484,"472,38","472,0","5,191878272841149",656,656,"656,0","656,0","0,0","661,2853569030761","3,1188535690307617",50,656,656,"0,1","0,7",5,"6,72","5,84","5,51","6,37","6,44","5,4","5,88","5,34","6,11","6,19","6,65","6,36","5,14","5,53","5,44","5,54","5,52","12,56","11,88","11,84","11,22","12,3","13,01","10,67","10,98"
1,55,2025-11-04 13:47:03,2025-11-04 13:47:04,"1,171782","642,6640029907227","-213,7323905944824","449,38236483764643","511,0974628448487","159,1103541534236","3,1597938537597656","-2,360323905944824","1,3444036483764648","1,8760528564453125","1,3957696181399124","1,0","0,0","0,94","1,0","0,23748684174075835",282,485,"467,68","473,0","30,691001938679033",656,301,"641,42","656,0","62,949849880678826","661,2853569030761","3,1188535690307617",50,656,656,"0,1","0,7",5,"6,65","6,06","5,6","6,52","6,61","5,29","5,9","5,45","6,25","6,43","6,19","6,16","5,06","5,7","5,29","5,52","5,32","12,71","12,12","11,9","11,35","12,68","12,35","10,76","10,81"
1,56,2025-11-04 13:47:04,2025-11-04 13:47:05,"1,15408","646,8329528808594","-300,25669441223147","429,7849677429199","511,1928825378418","210,29851059224742","3,4970521926879883","-3,0665669441223145","1,2464896774291991","2,082380771636963","1,683128564288353","1,0","0,0","0,9","1,0","0,3",241,486,"465,54","475,5","45,71704714873873",657,261,"633,38","657,0","82,59561489570739","661,2853569030761","3,1188535690307617",50,657,657,"0,1","0,7",5,"6,55","6,02","5,46","6,27","6,44","5,13","5,85","5,21","6,18","6,72","6,79","6,14","5,33","5,66","5,73","5,64","4,88","12,57","11,73","11,57","11,06","12,9","12,93","10,99","11,37"
1,57,2025-11-04 13:47:05,2025-11-04 13:47:06,"1,204449","653,777986907959","-279,01584510803224","454,7864525375366","524,521123123169","169,67682754672234","3,14877986907959","-2,8271584510803223","1,2198045253753662","1,8457112312316895","1,4537252155037352","1,0","0,0","0,98","1,0","0,13999999999999999",233,485,"469,94","473,0","34,2300511247062",674,254,"665,6","674,0","58,8","661,2853569030761","3,1188535690307617",50,674,674,"0,1","0,7",5,"6,51","5,88","5,75","5,87","6,6","5,24","6,0","5,03","6,49","6,59","6,86","6,14","5,07","5,78","5,54","5,56","5,08","12,39","11,62","11,84","11,03","13,08","13,0","10,85","11,1"
1,58,2025-11-04 13:47:06,2025-11-04 13:47:07,"1,269864","665,2250534057617","258,51523513793944","518,9029404373169","546,7100967407226","107,01847328723576","3,346250534057617","-0,7268476486206055","1,878809404373169","2,1531009674072266","1,0701035829007162","1,0","1,0","1,0","1,0","0,0",463,484,"474,78","473,5","4,896080064704825",657,657,"657,0","657,0","0,0","661,2853569030761","3,1188535690307617",50,657,657,"0,1","0,7",5,"6,26","5,6","5,87","5,66","6,54","5,22","6,05","5,01","6,44","6,52","7,18","6,37","5,22","5,88","5,43","5,69","5,04","11,86","11,53","11,76","11,06","12,96","13,55","11,1","11,12"
1,59,2025-11-04 13:47:07,2025-11-04 13:47:09,"1,261267","670,0173431396485","-244,65546989440918","486,5996718063354","543,0764801025391","179,98979257993912","3,3441734313964844","-2,656554698944092","1,6143567180633545","2,0737648010253906","1,433321198562881","1,0","0,0","0,96","1,0","0,19595917942265428",275,484,"472,96","477,0","28,623738400146127",667,297,"656,92","667,0","54,731285385965485","665,2250534057617","3,346250534057617",50,667,667,"0,1","0,7",5,"6,59","5,58","5,66","5,56","6,16","4,99","6,06","5,14","6,76","6,58","7,44","6,31","5,3","6,26","5,58","5,41","4,64","12,17","11,22","11,15","11,2","13,34","13,75","11,56","10,99"
1,60,2025-11-04 13:47:09,2025-11-04 13:47:10,"1,184165","670,0173431396485","171,14168167114258","511,4459519577026","533,8205551147461","105,06096136772442","3,3441734313964844","-1,6385831832885742","1,7567595195770265","1,976705551147461","1,0518089308502359","1,0","1,0","1,0","1,0","0,0",468,485,"477,3","478,0","4,38748219369606",667,667,"667,0","667,0","0,0","670,0173431396485","3,3441734313964844",50,667,667,"0,1","0,7",5,"6,59","5,47","5,64","5,47","5,78","4,84","6,08","5,22","6,75","6,63","7,79","6,24","5,55","6,25","6,05","5,11","4,54","12,06","11,11","10,62","11,3","13,38","14,03","11,8","11,16"
1,61,2025-11-04 13:47:10,2025-11-04 13:47:11,"1,242873","670,0173431396485","-207,00484905242922","501,70113373184205","550,8443828582764","146,13899472140457","3,3441734313964844","-2,479048490524292","1,7174713373184205","2,1499438285827637","1,2131846069106067","1,0","0,0","0,98","1,0","0,13999999999999999",326,484,"473,46","477,0","21,384302654049772",667,347,"660,6","667,0","44,800000000000004","670,0173431396485","3,3441734313964844",50,667,667,"0,1","0,7",5,"6,59","5,5","5,66","5,46","5,89","4,89","5,97","5,19","6,9","6,46","7,56","6,26","5,66","6,31","5,88","5,08","4,74","12,09","11,12","10,78","11,16","13,36","13,82","11,97","10,96"
1,62,2025-11-04 13:47:11,2025-11-04 13:47:12,"1,314948","670,0173431396485","169,14057846069335","515,991641456604","545,5105518341064","113,10441673316126","3,420931816101074","-1,6705942153930664","1,85459641456604","2,150845527648926","1,1438889164034196","1,0","0,0","0,98","1,0","0,13999999999999999",409,484,"475,18","476,5","10,230718449845057",667,422,"662,1","667,0","34,300000000000004","670,0173431396485","3,3441734313964844",50,667,667,"0,1","0,7",5,"6,62","5,56","5,63","5,58","6,1","4,68","6,3","5,16","6,78","6,5","7,44","6,3","5,68","6,58","5,5","4,91","4,68","12,18","11,21","10,78","11,46","13,28","13,74","12,26","10,41"
1,63,2025-11-04 13:47:12,2025-11-04 13:47:14,"1,264789","672,1547676086426","187,48340606689453","510,84226593017576","561,492110824585","129,5696355131804","3,345547676086426","-1,5001659393310547","1,7300226593017578","2,2364211082458496","1,2954086198093857","1,0","1,0","1,0","1,0","0,0",466,484,"476,6","478,0","4,12310562561766",671,671,"671,0","671,0","0,0","670,0173431396485","3,3441734313964844",50,671,671,"0,1","0,7",5,"6,8","5,81","5,47","5,75","5,99","4,5","5,89","5,08","6,66","6,66","7,43","6,04","6,13","6,63","5,72","4,76","4,68","12,61","11,22","10,49","10,97","13,32","13,47","12,76","10,48"
1,64,2025-11-04 13:47:14,2025-11-04 13:47:15,"1,188265","674,5758514404297","166,3938129425049","504,8225178833008","554,2723941802979","143,03240098261324","3,390758514404297","-1,6990618705749512","1,6896051788330078","2,1802239418029785","1,4311461957059064","1,0","1,0","1,0","1,0","0,0",465,484,"476,38","478,0","5,1415561846584925",667,667,"667,0","667,0","0,0","672,1547676086426","3,345547676086426",50,667,667,"0,1","0,7",5,"6,7","5,77","5,37","5,64","5,79","4,38","5,79","4,95","6,6","6,93","7,89","6,17","6,08","6,87","5,67","4,67","4,72","12,47","11,01","10,17","10,74","13,53","14,06","12,95","10,34"
1,65,2025-11-04 13:47:15,2025-11-04 13:47:16,"1,142471","675,4774322509766","-195,45656661987306","501,4760847473145","566,5139110565185","180,96533544761624","3,3897743225097656","-1,9546012878417969","1,7768608474731444","2,2946391105651855","1,3853562808154796","1,0","0,0","0,96","1,0","0,19595917942265428",198,484,"468,5","478,0","43,77453597698096",669,205,"653,28","669,0","78,31016281428612","674,5758514404297","3,390758514404297",50,669,669,"0,1","0,7",5,"6,76","5,91","5,32","5,68","5,67","4,82","5,73","4,96","6,63","6,72","7,84","6,33","5,82","6,7","5,71","4,79","4,6","12,67","11,0","10,49","10,69","13,35","14,17","12,52","10,5"
1,66,2025-11-04 13:47:16,2025-11-04 13:47:17,"1,190942","675,4774322509766","-284,98326721191404","457,6283014221192","530,772029876709","176,9855876551783","3,3897743225097656","-2,8808326721191406","1,2748630142211914","1,939112901687622","1,5357189202139698","1,0","0,0","0,98","1,0","0,13999999999999999",239,485,"472,08","478,0","33,683729009716245",669,254,"660,7","669,0","58,09999999999999","675,4774322509766","3,3897743225097656",50,669,669,"0,1","0,7",5,"6,51","5,69","5,43","5,8","5,94","4,8","5,97","5,0","6,95","6,32","7,69","6,32","5,71","6,49","5,67","5,05","4,65","12,2","11,23","10,74","10,97","13,27","14,01","12,2","10,72"
1,67,2025-11-04 13:47:17,2025-11-04 13:47:19,"1,338452","675,4774322509766","-132,33601703643797","456,57815299606324","533,80895652771","186,34416398333238","3,3988351821899414","-2,15936017036438","1,3367215299606323","1,9906630516052246","1,6323474689114423","1,0","0,0","0,94","1,0","0,23748684174075838",424,484,"475,04","477,0","9,593664576166919",669,452,"658,82","669,0","42,67021912294335","675,4774322509766","3,3897743225097656",50,669,669,"0,1","0,7",5,"6,58","5,88","5,47","5,66","5,86","4,83","5,91","5,25","6,7","6,42","7,63","6,37","5,7","6,44","5,6","5,0","4,7","12,46","11,13","10,69","11,16","13,12","14,0","12,14","10,6"
1,68,2025-11-04 13:47:19,2025-11-04 13:47:20,"1,320222","675,4774322509766","245,57886848449706","492,5756940841675","532,125883102417","128,0328534531185","3,3897743225097656","-0,9202113151550293","1,6007569408416749","2,0264294147491455","1,3038714882580986","1,0","0,0","0,98","1,0","0,13999999999999999",469,483,"476,7","477,0","4,065710270051224",669,536,"666,34","669,0","18,62","675,4774322509766","3,3897743225097656",50,669,669,"0,1","0,7",5,"6,81","6,02","5,34","5,64","5,76","4,86","5,7","5,09","6,66","6,6","7,46","6,62","5,68","6,42","5,7","4,96","4,66","12,83","10,98","10,62","10,79","13,26","14,08","12,1","10,66"
1,69,2025-11-04 13:47:20,2025-11-04 13:47:21,"1,18856","676,350983428955","222,08327941894532","513,359534248352","558,3236793518066","124,66261644697374","3,400509834289551","-1,1471672058105469","1,7667553424835205","2,2167367935180664","1,2470368262231462","1,0","1,0","1,0","1,0","0,0",466,484,"478,16","478,0","3,68976964050603",669,669,"669,0","669,0","0,0","675,4774322509766","3,3897743225097656",50,669,669,"0,1","0,7",5,"6,67","5,82","5,38","5,74","5,56","4,96","5,71","4,95","6,52","6,86","7,85","6,74","5,82","6,24","5,92","4,92","4,37","12,49","11,12","10,52","10,66","13,38","14,59","12,06","10,84"
1,70,2025-11-04 13:47:21,2025-11-04 13:47:22,"1,364444","676,9951789855957","183,849617767334","473,89356482696525","531,5763126373291","138,54659792009681","3,401951789855957","-1,5295038223266602","1,3666156482696534","1,942263126373291","1,3850861180894702","1,0","1,0","1,0","1,0","0,0",466,486,"477,68","478,5","4,558245276419425",670,670,"670,0","670,0","0,0","676,350983428955","3,400509834289551",50,670,670,"0,1","0,7",5,"6,84","5,98","5,29","5,29","5,8","4,93","5,76","4,92","6,86","6,76","7,66","6,34","5,88","6,58","6,06","4,61","4,46","12,82","10,58","10,73","10,68","13,62","14,0","12,46","10,67"
1,71,2025-11-04 13:47:22,2025-11-04 13:47:24,"1,226952","676,9951789855957","-184,92478981018064","470,7176172637939","546,9926891326904","174,24893353800945","3,401951789855957","-2,4352478981018066","1,3897761726379394","2,0974268913269043","1,5685183659261155","1,0","0,0","0,98","1,0","0,13999999999999999",384,485,"475,0","477,0","13,648443134658253",670,394,"664,48","670,0","38,64000000000001","676,9951789855957","3,401951789855957",50,670,670,"0,1","0,7",5,"6,74","5,95","5,46","5,47","5,85","4,86","5,9","4,78","6,84","6,38","7,8","6,64","5,66","6,55","5,72","4,8","4,6","12,69","10,93","10,71","10,68","13,22","14,44","12,21","10,52"
1,72,2025-11-04 13:47:24,2025-11-04 13:47:25,"1,176716","676,9951789855957","-113,8570848464966","446,9313557777404","453,83877811431887","167,60762800802908","3,401951789855957","-2,397570848464966","1,1781535577774047","1,7078857421875","1,5666346223419534","1,0","0,0","0,96","1,0","0,19595917942265428",463,482,"476,24","478,0","4,876720209321015",670,547,"665,48","670,0","22,233524237061477","676,9951789855957","3,401951789855957",50,670,670,"0,1","0,7",5,"6,32","5,98","5,44","5,7","5,85","4,93","5,88","4,76","6,93","6,3","7,78","6,84","5,58","6,35","5,6","5,01","4,75","12,3","11,14","10,78","10,64","13,23","14,62","11,93","10,61"
1,73,2025-11-04 13:47:25,2025-11-04 13:47:26,"1,612657","687,035285949707","241,47867431640626","506,16327024078373","567,4591136932373","139,1723411115933","3,5003528594970703","-0,9592132568359375","1,688572702407837","2,298591136932373","1,3926178162484892","1,0","1,0","1,0","1,0","0,0",465,487,"476,94","478,0","3,926372371540937",670,670,"670,0","670,0","0,0","676,9951789855957","3,401951789855957",50,670,670,"0,1","0,7",5,"6,77","5,92","5,56","5,6","5,81","4,52","5,87","4,84","6,82","6,53","7,92","6,64","5,57","6,64","5,56","4,82","4,61","12,69","11,16","10,33","10,71","13,35","14,56","12,21","10,38"
1,74,2025-11-04 13:47:27,2025-11-04 13:47:28,"1,247358","689,1618270874023","-210,75524921417235","483,1130724143982","556,986001586914","175,72391174231413","3,4966182708740234","-2,2955524921417236","1,578430724143982","2,224832057952881","1,4497487947942218","1,0","0,0","0,94","1,0","0,23748684174075835",277,485,"472,6","478,0","28,335843026103884",675,293,"663,06","675,0","56,9513511692216","687,035285949707","3,5003528594970703",50,675,675,"0,1","0,7",5,"6,81","6,19","5,55","5,45","5,54","4,48","6,0","4,56","6,79","6,64","7,77","6,67","5,74","6,53","5,58","4,98","4,7","13,0","11,0","10,02","10,56","13,43","14,44","12,27","10,56"
1,75,2025-11-04 13:47:28,2025-11-04 13:47:29,"1,169144","688,7432708740234","-228,73743133544923","494,49085666656504","577,32004737854","180,0259713824576","3,4974327087402344","-2,329374313354492","1,6197085666656494","2,3757004737854004","1,5783489520381968","1,0","0,0","0,98","1,0","0,13999999999999999",248,484,"473,2","478,0","32,403086272761115",674,258,"665,68","674,0","58,239999999999995","689,1618270874023","3,4966182708740234",50,674,674,"0,1","0,7",5,"6,78","6,16","5,74","5,74","5,06","4,6","5,59","4,57","6,78","6,79","8,16","6,6","5,82","6,86","5,57","4,77","4,42","12,94","11,48","9,66","10,16","13,57","14,76","12,68","10,34"
1,76,2025-11-04 13:47:29,2025-11-04 13:47:30,"1,197708","688,7432708740234","-149,287699508667","519,3138084106445","553,4961936950683","134,21922412699521","3,4974327087402344","-1,97987699508667","1,8594580841064454","2,1369619369506836","1,0919820200332897","1,0","0,0","0,98","1,0","0,13999999999999999",353,483,"475,72","479,0","17,90758498513968",674,368,"667,88","674,0","42,84","689,1618270874023","3,4966182708740234",50,674,674,"0,1","0,7",5,"6,88","5,76","5,6","5,83","5,14","4,48","5,64","4,77","6,82","7,1","8,6","6,51","5,65","6,6","5,62","4,65","4,36","12,64","11,43","9,62","10,41","13,92","15,11","12,25","10,27"
1,77,2025-11-04 13:47:30,2025-11-04 13:47:31,"1,340439","688,7432708740234","102,98539333343507","497,4340147361756","540,0063539505005","144,69175466299347","3,4974327087402344","-2,3631460666656494","1,6219801473617554","2,1136045455932617","1,445278237329602","1,0","0,0","0,98","1,0","0,13999999999999999",472,484,"478,04","478,0","2,8139651739138496",674,578,"672,08","674,0","13,440000000000005","689,1618270874023","3,4966182708740234",50,674,674,"0,1","0,7",5,"6,95","5,87","5,38","5,81","5,02","4,45","5,62","4,62","7,03","7,23","8,46","6,81","5,48","6,64","5,71","4,53","4,39","12,82","11,19","9,47","10,24","14,26","15,27","12,12","10,24"
1,78,2025-11-04 13:47:31,2025-11-04 13:47:33,"1,365807","688,7432708740234","261,18870697021487","507,3083354492188","563,6671504974365","132,98631351274784","3,4974327087402344","-0,7841129302978516","1,6805633544921874","2,2391715049743652","1,3305881256811878","1,0","1,0","1,0","1,0","0,0",471,483,"477,48","477,0","2,539606268695996",674,674,"674,0","674,0","0,0","689,1618270874023","3,4966182708740234",50,674,674,"0,1","0,7",5,"7,15","5,95","5,32","5,9","5,13","4,43","5,58","4,52","7,0","7,38","8,26","6,47","5,49","6,7","5,76","4,46","4,5","13,1","11,22","9,56","10,1","14,38","14,73","12,19","10,22"
1,79,2025-11-04 13:47:33,2025-11-04 13:47:34,"1,229007","688,7432708740234","242,23339958190917","532,5771916122437","569,3702571868896","116,79716022020918","3,4974327087402344","-0,9696660041809082","1,9345519161224365","2,3007025718688965","1,1680776650550289","1,0","1,0","1,0","1,0","0,0",471,484,"478,78","479,0","3,20181198698487",674,674,"674,0","674,0","0,0","689,1618270874023","3,4966182708740234",50,674,674,"0,1","0,7",5,"7,29","5,87","5,3","5,96","5,14","4,42","5,56","4,54","6,88","7,22","8,44","6,51","5,45","6,66","5,82","4,71","4,24","13,16","11,26","9,56","10,1","14,1","14,95","12,11","10,53"
1,80,2025-11-04 13:47:34,2025-11-04 13:47:35,"1,15043","688,7432708740234","186,45159873962402","540,7649632720947","573,0200496673584","112,25511829675905","3,519852638244629","-1,5264840126037598","2,057369632720947","2,3593578338623047","1,1390082486570252","1,0","0,0","0,98","1,0","0,13999999999999999",467,484,"477,62","478,0","3,820418825207519",674,553,"671,58","674,0","16,94","689,1618270874023","3,4966182708740234",50,674,674,"0,1","0,7",5,"7,11","5,64","5,49","5,89","5,05","4,48","5,52","4,65","7,0","7,36","8,34","6,66","5,34","6,62","5,7","4,68","4,48","12,75","11,38","9,53","10,17","14,36","15,0","11,96","10,38"
1,81,2025-11-04 13:47:35,2025-11-04 13:47:36,"1,170104","689,1618270874023","188,8424446105957","521,1353393630981","557,9375778198242","122,68834200061096","3,4966182708740234","-1,513575553894043","1,8137733936309814","2,180875778198242","1,2280838384765724","1,0","1,0","1,0","1,0","0,0",467,485,"477,42","478,0","3,9450728763864427",675,675,"675,0","675,0","0,0","689,1618270874023","3,4966182708740234",50,675,675,"0,1","0,7",5,"7,01","5,74","5,46","5,83","5,12","4,51","5,42","4,6","7,0","7,56","8,08","6,56","5,34","6,68","5,82","4,76","4,52","12,75","11,29","9,63","10,02","14,56","14,64","12,02","10,58"
1,82,2025-11-04 13:47:36,2025-11-04 13:47:38,"1,347993","688,7432708740234","-109,59257850646975","531,42773828125","569,3475048065186","145,96680318435054","3,4974327087402344","-1,6919431686401367","1,9828173828125","2,3014750480651855","1,2380349357688858","1,0","0,0","0,98","1,0","0,13999999999999999",321,485,"474,54","478,0","22,21549909410095",674,334,"667,2","674,0","47,60000000000001","689,1618270874023","3,4966182708740234",50,674,674,"0,1","0,7",5,"6,84","5,88","5,48","5,78","5,21","4,48","5,43","4,55","7,0","7,55","8,42","6,5","5,41","7,04","5,52","4,46","4,46","12,72","11,26","9,69","9,98","14,55","14,92","12,45","9,98"
1,83,2025-11-04 13:47:38,2025-11-04 13:47:39,"1,355367","688,7432708740234","177,77642364501952","491,5376228561401","547,3739101409913","140,524616200535","4,228246688842773","-1,6092357635498047","1,5641362285614013","2,1045923233032227","1,4529360216175382","1,0","0,0","0,98","1,0","0,13999999999999999",471,484,"477,56","477,5","3,2873089298086966",674,562,"671,76","674,0","15,679999999999996","689,1618270874023","3,4966182708740234",50,674,674,"0,1","0,7",5,"6,69","6,17","5,48","5,85","5,13","4,7","5,57","4,46","6,75","7,45","8,2","6,34","5,43","7,2","5,56","4,53","4,49","12,86","11,33","9,83","10,03","14,2","14,54","12,63","10,09"
1,84,2025-11-04 13:47:39,2025-11-04 13:47:41,"1,439311","707,4646186828613","138,89398307800292","536,8116498031617","576,75080909729","141,5474573071026","3,4996461868286133","-2,1830601692199707","1,7910764980316163","2,1910080909729004","1,4155902449230746","1,0","1,0","1,0","1,0","0,0",467,485,"477,96","479,0","3,538135101999357",711,711,"711,0","711,0","0,0","689,1618270874023","3,4966182708740234",50,711,711,"0,1","0,7",5,"6,82","5,97","5,74","5,57","5,11","4,68","5,52","4,62","6,61","7,27","8,08","6,5","5,46","7,34","5,64","4,67","4,41","12,79","11,31","9,79","10,14","13,88","14,58","12,8","10,31"
1,85,2025-11-04 13:47:41,2025-11-04 13:47:42,"1,254964","688,7432708740234","139,721102142334","497,22936149597166","542,4136642456054","140,30261964837874","3,4974327087402344","-1,9967889785766602","1,5801936149597169","2,0326366424560547","1,4041324921737992","1,0","1,0","1,0","1,0","0,0",469,485,"477,9","479,0","3,5510561809129406",674,674,"674,0","674,0","0,0","707,4646186828613","3,4996461868286133",50,674,674,"0,1","0,7",5,"7,0","6,22","5,72","5,34","5,21","4,56","5,56","4,64","6,62","7,14","7,85","6,48","5,62","7,12","5,9","4,6","4,42","13,22","11,06","9,77","10,2","13,76","14,33","12,74","10,5"
1,86,2025-11-04 13:47:42,2025-11-04 13:47:43,"1,202353","688,7432708740234","154,0527145385742","519,2877227096558","550,1161666870117","129,59725421403314","3,4974327087402344","-1,8514728546142578","1,8000972270965576","2,105161666870117","1,295886609286086","1,0","1,0","1,0","1,0","0,0",469,485,"477,22","478,0","3,6512463625452614",674,674,"674,0","674,0","0,0","707,4646186828613","3,4996461868286133",50,674,674,"0,1","0,7",5,"7,3","6,1","5,89","5,44","5,03","4,36","5,55","4,78","6,82","7,29","7,78","6,35","5,59","6,81","5,71","4,63","4,56","13,4","11,33","9,39","10,33","14,11","14,13","12,4","10,34"
1,87,2025-11-04 13:47:43,2025-11-04 13:47:44,"1,165726","688,7432708740234","133,9405918121338","536,9710742492676","567,5200942993164","120,30673962659318","3,4974327087402344","-2,060594081878662","1,9771907424926758","2,283700942993164","1,2040089617157257","1,0","1,0","1,0","1,0","0,0",470,485,"477,48","477,5","3,832701397187107",674,674,"674,0","674,0","0,0","707,4646186828613","3,4996461868286133",50,674,674,"0,1","0,7",5,"7,32","6,09","5,7","5,6","5,12","4,54","5,42","4,85","6,85","7,17","7,54","6,36","5,61","6,81","5,8","4,71","4,5","13,41","11,3","9,66","10,27","14,02","13,9","12,42","10,51"
1,88,2025-11-04 13:47:44,2025-11-04 13:47:45,"1,180291","688,7432708740234","166,73867683410646","493,6727479400635","541,1875526428223","141,10160309049488","3,4974327087402344","-1,7306132316589355","1,5462874794006347","2,0211939811706543","1,4107777981080825","1,0","1,0","1,0","1,0","0,0",465,487,"479,56","480,0","4,119029011793921",674,674,"674,0","674,0","0,0","707,4646186828613","3,4996461868286133",50,674,674,"0,1","0,7",5,"6,8","6,06","5,73","5,78","5,29","4,6","5,24","4,62","7,02","7,19","7,87","6,76","5,52","6,76","5,78","4,89","4,09","12,86","11,51","9,89","9,86","14,21","14,63","12,28","10,67"
1,89,2025-11-04 13:47:45,2025-11-04 13:47:47,"1,343286","688,7432708740234","-113,32243099212644","488,41106514358523","540,0882558822632","163,44379799956246","3,4974327087402344","-2,2442243099212646","1,581670651435852","2,0358848571777344","1,5125915235973857","1,0","0,0","0,96","1,0","0,19595917942265426",469,485,"478,96","479,0","3,1746495869623153",674,519,"668,28","674,0","28,124750665561464","707,4646186828613","3,4996461868286133",50,674,674,"0,1","0,7",5,"6,94","5,97","5,39","5,74","5,35","4,7","5,35","4,58","7,1","7,24","7,95","6,75","5,46","6,73","5,74","4,8","4,21","12,91","11,13","10,05","9,93","14,34","14,7","12,19","10,54"
1,90,2025-11-04 13:47:47,2025-11-04 13:47:48,"1,331917","688,7432708740234","253,82039222717285","509,23349800109855","556,9603721618653","122,24250573956417","3,4974327087402344","-0,8527960777282715","1,7408349800109864","2,1909446716308594","1,2265810107512112","1,0","0,0","0,98","1,0","0,13999999999999999",471,486,"478,7","479,0","3,471310991541956",674,576,"672,04","674,0","13,719999999999999","707,4646186828613","3,4996461868286133",50,674,674,"0,1","0,7",5,"6,71","6,04","5,66","5,68","5,39","4,69","5,26","4,53","7,22","7,09","8,12","6,91","5,36","6,67","5,85","4,58","4,26","12,75","11,34","10,08","9,79","14,31","15,03","12,03","10,43"
1,91,2025-11-04 13:47:48,2025-11-04 13:47:49,"1,191229","688,7432708740234","199,30785102844237","519,3081995010376","562,3481407165527","123,87955932594139","3,4974327087402344","-1,3989214897155762","1,802081995010376","2,2334814071655273","1,2387983642536435","1,0","1,0","1,0","1,0","0,0",471,485,"479,0","479,0","3,1368774282716245",674,674,"674,0","674,0","0,0","707,4646186828613","3,4996461868286133",50,674,674,"0,1","0,7",5,"6,82","6,0","5,8","5,8","5,24","4,64","5,25","4,5","6,89","7,05","8,2","6,84","5,7","6,65","5,84","4,58","4,2","12,82","11,6","9,88","9,75","13,94","15,04","12,35","10,42"
1,92,2025-11-04 13:47:49,2025-11-04 13:47:51,"1,224127","688,7432708740234","158,60914344787597","511,9047304916382","558,9794971466065","137,97080243305913","3,4974327087402344","-1,8009085655212402","1,727247304916382","2,2002949714660645","1,3798457557382777","1,0","1,0","1,0","1,0","0,0",469,485,"478,2","478,0","3,8626415831655923",674,674,"674,0","674,0","0,0","707,4646186828613","3,4996461868286133",50,674,674,"0,1","0,7",5,"6,67","6,08","5,58","5,83","5,14","4,79","5,36","4,58","6,78","7,05","8,35","6,62","5,48","6,71","5,9","4,72","4,36","12,75","11,41","9,93","9,94","13,83","14,97","12,19","10,62"
1,93,2025-11-04 13:47:51,2025-11-04 13:47:52,"1,266363","688,7432708740234","146,36845474243165","496,5475260162353","554,5937282562256","136,94289508605172","3,4974327087402344","-1,9243154525756836","1,6515752601623535","2,1817269325256348","1,4019618791453072","1,0","0,0","0,96","1,0","0,19595917942265428",471,486,"478,9","479,0","3,52845575287547",674,581,"670,56","674,0","16,91054109128386","707,4646186828613","3,4996461868286133",50,674,674,"0,1","0,7",5,"6,52","6,17","5,57","6,06","5,14","4,79","5,24","4,36","6,68","7,01","8,28","6,71","5,61","6,87","5,85","4,92","4,22","12,69","11,63","9,93","9,6","13,69","14,99","12,48","10,77"
1,94,2025-11-04 13:47:52,2025-11-04 13:47:53,"1,190116","688,7432708740234","153,77154960632325","495,98888462829586","555,9065402984619","136,4536995278756","3,4974327087402344","-1,8512845039367676","1,609008846282959","2,1957478523254395","1,385971510474553","1,0","0,0","0,98","1,0","0,13999999999999999",471,486,"478,82","479,0","3,5759753914142083",674,571,"671,94","674,0","14,42","707,4646186828613","3,4996461868286133",50,674,674,"0,1","0,7",5,"6,49","6,22","5,8","5,91","5,13","4,68","5,1","4,46","6,82","6,98","8,24","6,55","5,65","7,0","5,83","4,89","4,24","12,71","11,71","9,81","9,56","13,8","14,79","12,65","10,72"
1,95,2025-11-04 13:47:53,2025-11-04 13:47:54,"1,207611","688,7432708740234","198,2106155395508","513,3969760055542","547,0274856567382","126,28715902840177","3,4974327087402344","-1,4118938446044922","1,742849760055542","2,079774856567383","1,263707787346764","1,0","1,0","1,0","1,0","0,0",471,485,"478,88","479,0","3,374255473434103",674,674,"674,0","674,0","0,0","707,4646186828613","3,4996461868286133",50,674,674,"0,1","0,7",5,"6,53","5,9","6,04","5,69","5,05","4,7","4,88","4,72","6,96","7,15","8,16","6,79","5,53","7,19","5,75","4,72","4,22","12,43","11,73","9,75","9,6","14,11","14,95","12,72","10,47"
1,96,2025-11-04 13:47:54,2025-11-04 13:47:55,"1,251925","688,7432708740234","-113,03234386444092","469,0187395591736","536,3090669631958","168,48681188355684","3,4974327087402344","-2,225323438644409","1,3456673955917358","1,976090669631958","1,5525715162855058","1,0","0,0","0,98","1,0","0,13999999999999999",468,485,"479,68","480,0","3,64658744581835",674,516,"670,84","674,0","22,12","707,4646186828613","3,4996461868286133",50,674,674,"0,1","0,7",5,"6,44","6,1","6,19","5,7","5,23","4,82","5,0","4,45","6,82","7,03","8,28","6,69","5,46","6,92","5,95","4,85","4,06","12,54","11,89","10,05","9,45","13,85","14,97","12,38","10,8"
1,97,2025-11-04 13:47:55,2025-11-04 13:47:57,"1,188784","688,7432708740234","166,3500774383545","493,67611154937737","537,5139955520631","148,2772084562774","3,4974327087402344","-1,724499225616455","1,5463211154937744","1,9836399555206299","1,4829150818444983","1,0","1,0","1,0","1,0","0,0",468,485,"479,56","480,0","3,1378973851928302",674,674,"674,0","674,0","0,0","707,4646186828613","3,4996461868286133",50,674,674,"0,1","0,7",5,"6,63","5,98","6,08","5,79","5,14","4,54","5,15","4,4","6,9","7,02","8,36","6,62","5,6","6,95","5,91","4,84","4,09","12,61","11,87","9,68","9,55","13,92","14,98","12,55","10,75"
1,98,2025-11-04 13:47:57,2025-11-04 13:47:58,"1,193434","690,2051551818847","160,7790199279785","537,657267616272","583,2877494812012","144,8938815233181","3,5190515518188477","-1,7832098007202148","1,9870926761627197","2,4425249099731445","1,4491083816275718","1,0","1,0","1,0","1,0","0,0",474,487,"480,52","480,0","3,207740637894529",674,674,"674,0","674,0","0,0","707,4646186828613","3,4996461868286133",50,674,674,"0,1","0,7",5,"6,72","5,97","5,98","5,78","5,28","4,4","5,27","4,22","7,07","7,23","8,39","6,79","5,4","6,95","5,95","4,72","3,9","12,69","11,76","9,68","9,49","14,3","15,18","12,35","10,67"
1,99,2025-11-04 13:47:58,2025-11-04 13:47:59,"1,226503","690,7465446472168","217,63771705627443","524,9939828262329","566,6474723815918","126,6822782265506","3,519465446472168","-1,2166228294372559","1,8540798282623292","2,266474723815918","1,2673546770716868","1,0","1,0","1,0","1,0","0,0",472,487,"479,14","479,0","3,5944957921800382",675,675,"675,0","675,0","0,0","707,4646186828613","3,4996461868286133",50,675,675,"0,1","0,7",5,"6,53","5,82","5,59","5,76","5,38","4,7","5,37","4,33","6,77","7,09","8,67","6,77","5,5","6,76","5,97","4,82","4,17","12,35","11,35","10,08","9,7","13,86","15,44","12,26","10,79"
2,0,2025-11-04 13:48:00,2025-11-04 13:48:00,0,"690,7465446472168","-200,12784996032713","493,29367852020255","570,2483470916748","184,58710790833618","3,519465446472168","-1,9472784996032715","1,6064567852020264","2,306983470916748","1,6382744885214662","1,0","0,0","0,98","1,0","0,13999999999999999",224,487,"474,42","480,0","35,91606325865907",675,234,"666,18","675,0","61,74","707,4646186828613","3,4996461868286133",50,675,675,"0,1","0,7",5,"6,54","6,01","5,59","5,71","5,26","4,64","5,46","4,24","6,92","7,06","8,46","6,84","5,49","6,71","6,01","4,95","4,09","12,55","11,3","9,9","9,7","13,98","15,3","12,2","10,96"
2,1,2025-11-04 13:48:00,2025-11-04 13:48:02,"1,310518","690,7465446472168","-130,88820533752443","502,9214601669312","566,0883171081543","152,9924233475729","3,519465446472168","-1,8508820533752441","1,6910546016693115","2,266383171081543","1,3330943147406893","1,0","0,0","0,98","1,0","0,13999999999999999",368,487,"477,54","480,0","16,01150836117572",675,382,"669,14","675,0","41,02","707,4646186828613","3,4996461868286133",50,675,675,"0,1","0,7",5,"6,62","6,12","5,83","5,7","5,22","4,51","5,46","4,36","6,84","6,9","8,42","6,8","5,65","6,77","5,86","4,89","4,06","12,74","11,53","9,73","9,82","13,74","15,22","12,42","10,75"
2,2,2025-11-04 13:48:02,2025-11-04 13:48:03,"1,242022","690,7465446472168","196,67033615112305","507,9175345916748","548,135012435913","128,13226861835122","3,519465446472168","-1,4272966384887695","1,683155345916748","2,0826382637023926","1,2813068958367764","1,0","1,0","1,0","1,0","0,0",472,487,"478,98","479,0","3,343590884064616",675,675,"675,0","675,0","0,0","707,4646186828613","3,4996461868286133",50,675,675,"0,1","0,7",5,"6,8","6,04","5,74","5,56","5,03","4,32","5,36","4,32","7,0","7,04","8,23","6,76","5,71","6,84","5,92","5,12","4,2","12,84","11,3","9,35","9,68","14,04","14,99","12,55","11,04"
2,3,2025-11-04 13:48:03,2025-11-04 13:48:04,"1,132206","690,7465446472168","211,50240364074708","504,0427768096924","550,294490814209","137,10421560505276","3,519465446472168","-1,2789759635925293","1,645067768096924","2,10544490814209","1,3710041304974518","1,0","1,0","1,0","1,0","0,0",472,489,"479,64","480,0","3,6702043539835763",675,675,"675,0","675,0","0,0","707,4646186828613","3,4996461868286133",50,675,675,"0,1","0,7",5,"7,05","6,19","5,67","5,81","5,07","4,36","5,26","4,3","7,01","7,14","8,26","6,67","5,7","6,74","5,89","4,82","4,07","13,24","11,48","9,43","9,56","14,15","14,93","12,44","10,71"
2,4,2025-11-04 13:48:04,2025-11-04 13:48:05,"1,18035","690,7465446472168","176,86328659057617","541,2799450988769","570,8947734832764","111,97692551936863","3,519465446472168","-1,6323671340942383","2,0171794509887695","2,3164477348327637","1,1204813375684521","1,0","1,0","1,0","1,0","0,0",471,487,"479,38","480,0","4,103120763516473",675,675,"675,0","675,0","0,0","707,4646186828613","3,4996461868286133",50,675,675,"0,1","0,7",5,"6,85","5,84","5,69","5,91","5,1","4,41","5,55","4,42","7,1","7,11","8,3","6,57","5,72","6,76","5,62","4,94","4,12","12,69","11,6","9,51","9,97","14,21","14,87","12,48","10,56"
2,5,2025-11-04 13:48:05,2025-11-04 13:48:06,"1,185865","690,7465446472168","211,80733375549318","499,09574098205564","545,7403678894043","137,13912388055525","3,519465446472168","-1,2749266624450684","1,6459974098205565","2,143439769744873","1,3784711161198988","1,0","0,0","0,98","1,0","0,13999999999999999",435,487,"478,24","479,0","7,32546244274039",675,457,"670,64","675,0","30,519999999999996","707,4646186828613","3,4996461868286133",50,675,675,"0,1","0,7",5,"6,72","5,9","5,72","5,66","5,09","4,76","5,46","4,51","6,98","7,18","8,55","6,47","5,66","6,68","5,65","4,84","4,2","12,62","11,38","9,85","9,97","14,16","15,02","12,34","10,49"
2,6,2025-11-04 13:48:06,2025-11-04 13:48:08,"1,187731","690,7465446472168","193,0095069885254","513,9699392929077","563,6828990936278","132,27259858225938","3,519465446472168","-1,462904930114746","1,7445593929290772","2,2408289909362793","1,3233571737746226","1,0","1,0","1,0","1,0","0,0",471,489,"479,86","480,0","3,9749716980124523",675,675,"675,0","675,0","0,0","707,4646186828613","3,4996461868286133",50,675,675,"0,1","0,7",5,"6,62","5,76","6,06","5,73","4,93","4,62","5,09","4,57","7,18","7,19","8,57","6,83","5,62","6,83","5,57","4,82","4,03","12,38","11,79","9,55","9,66","14,37","15,4","12,45","10,39"
2,7,2025-11-04 13:48:08,2025-11-04 13:48:09,"1,361304","690,7465446472168","-179,6787466049194","483,18799525070193","542,3952049255371","166,30834368778778","3,519465446472168","-2,2577874660491943","1,494799952507019","2,029952049255371","1,469230625531668","1,0","0,0","0,98","1,0","0,13999999999999999",349,487,"476,62","479,5","18,552509264247785",675,362,"668,74","675,0","43,82000000000001","707,4646186828613","3,4996461868286133",50,675,675,"0,1","0,7",5,"6,72","5,8","5,66","5,88","4,97","4,57","5,3","4,53","7,01","6,96","8,52","6,8","5,92","6,88","5,58","4,75","4,16","12,52","11,54","9,54","9,83","13,97","15,32","12,8","10,33"
2,8,2025-11-04 13:48:09,2025-11-04 13:48:10,"1,365731","690,7465446472168","201,5816635131836","512,6817562026977","551,0565662384033","127,43863235131845","3,519465446472168","-1,378183364868164","1,7313975620269775","2,110565662384033","1,2745587954129638","1,0","1,0","1,0","1,0","0,0",472,487,"479,58","480,0","3,572618087621458",675,675,"675,0","675,0","0,0","707,4646186828613","3,4996461868286133",50,675,675,"0,1","0,7",5,"6,66","5,94","6,0","5,74","4,73","4,41","5,18","4,43","6,94","6,89","8,49","6,82","5,95","7,06","5,79","4,88","4,08","12,6","11,74","9,14","9,61","13,83","15,31","13,01","10,67"
2,9,2025-11-04 13:48:10,2025-11-04 13:48:12,"1,236626","690,7465446472168","-171,50500812530515","489,44600823593134","535,4424951553344","162,1138839786398","3,519465446472168","-2,0360500812530518","1,560640082359314","1,9564249515533447","1,4151574992275806","1,0","0,0","0,98","1,0","0,13999999999999999",314,488,"476,38","480,0","23,50820282369539",675,327,"668,04","675,0","48,720000000000006","707,4646186828613","3,4996461868286133",50,675,675,"0,1","0,7",5,"6,76","5,79","5,9","5,74","4,8","4,36","5,21","4,49","6,79","7,0","8,49","6,84","5,86","7,11","5,86","4,93","4,05","12,55","11,64","9,16","9,7","13,79","15,33","12,97","10,79"
2,10,2025-11-04 13:48:12,2025-11-04 13:48:13,"1,178416","690,7465446472168","140,70819129943848","479,0444720382691","526,136572265625","145,19314225058457","3,519465446472168","-1,9919180870056152","1,3938247203826903","1,86236572265625","1,4527644400812267","1,0","1,0","1,0","1,0","0,0",465,487,"478,38","478,5","3,9389846407418245",675,675,"675,0","675,0","0,0","707,4646186828613","3,4996461868286133",50,675,675,"0,1","0,7",5,"6,79","6,05","5,76","5,91","4,89","4,35","5,25","4,48","6,6","6,85","8,32","6,92","5,8","7,0","5,83","4,87","4,32","12,84","11,67","9,24","9,73","13,45","15,24","12,8","10,7"
2,11,2025-11-04 13:48:13,2025-11-04 13:48:14,"1,231758","690,7465446472168","176,63533668518068","485,23453526306156","553,3789913177491","153,9203687477555","3,519465446472168","-1,6316466331481934","1,4553653526306152","2,1417899131774902","1,5396850699143922","1,0","1,0","1,0","1,0","0,0",471,487,"478,02","478,0","3,5241452864489",675,675,"675,0","675,0","0,0","707,4646186828613","3,4996461868286133",50,675,675,"0,1","0,7",5,"6,86","5,89","5,68","5,83","5,23","4,46","5,23","4,59","6,8","6,94","8,09","7,0","5,72","6,84","5,78","4,66","4,4","12,75","11,51","9,69","9,82","13,74","15,09","12,56","10,44"
2,12,2025-11-04 13:48:14,2025-11-04 13:48:15,"1,295864","690,7465446472168","200,52472801208495","474,42781533813485","527,5493251800538","156,26067263508742","3,519465446472168","-1,3917527198791504","1,3473181533813476","1,875993251800537","1,5631745612037822","1,0","1,0","1,0","1,0","0,0",467,488,"478,04","479,0","4,19980951949014",675,675,"675,0","675,0","0,0","707,4646186828613","3,4996461868286133",50,675,675,"0,1","0,7",5,"6,95","5,84","5,79","5,7","5,27","4,27","5,28","4,46","6,83","7,04","8,08","6,85","5,75","6,79","5,88","4,82","4,39","12,79","11,49","9,54","9,74","13,87","14,93","12,54","10,7"
2,13,2025-11-04 13:48:15,2025-11-04 13:48:16,"1,211645","690,7465446472168","230,34794731140136","522,0834089050293","550,6161319732666","122,7963758623715","3,519465446472168","-1,0885205268859863","1,824574089050293","2,106661319732666","1,2281836469738014","1,0","1,0","1,0","1,0","0,0",468,487,"478,74","479,0","3,5933828073279366",675,675,"675,0","675,0","0,0","707,4646186828613","3,4996461868286133",50,675,675,"0,1","0,7",5,"6,97","6,07","5,74","5,68","5,04","4,31","5,24","4,41","7,02","7,1","7,96","6,69","6,0","6,89","5,88","4,77","4,25","13,04","11,42","9,35","9,65","14,12","14,65","12,89","10,65"
2,14,2025-11-04 13:48:17,2025-11-04 13:48:18,"1,194846","713,3222526550293","186,49480018615722","498,6418147277832","544,6833976745605","143,3585375576636","3,739222526550293","-1,5260519981384277","1,591218147277832","2,0503339767456055","1,4336633889601924","1,0","1,0","1,0","1,0","0,0",472,488,"479,8","480,0","3,6331804249169894",675,675,"675,0","675,0","0,0","707,4646186828613","3,4996461868286133",50,675,675,"0,1","0,7",5,"6,68","6,02","5,9","5,73","5,01","4,39","5,14","4,48","7,12","7,19","8,07","6,62","6,16","6,73","5,97","4,76","4,04","12,7","11,63","9,4","9,62","14,31","14,69","12,89","10,73"
2,15,2025-11-04 13:48:18,2025-11-04 13:48:19,"1,228259","722,5723861694336","-119,22054748535157","490,2258335876465","557,7915931701659","171,71245857259171","3,776723861694336","-1,9942054748535156","1,5054583358764648","2,12691593170166","1,5628442772123077","1,0","0,0","0,98","1,0","0,13999999999999999",438,490,"479,4","480,5","7,12460525222275",686,448,"681,24","686,0","33,31999999999999","713,3222526550293","3,739222526550293",50,686,686,"0,1","0,7",5,"6,47","5,9","6,48","5,69","4,98","4,51","4,75","4,53","7,14","7,42","8,16","6,66","6,09","6,69","5,92","4,68","3,93","12,37","12,17","9,49","9,28","14,56","14,82","12,78","10,6"
2,16,2025-11-04 13:48:19,2025-11-04 13:48:20,"1,210337","724,0763076782226","279,90954475402833","524,3965162200926","563,9498325347901","126,70587037960651","3,7817630767822266","-0,6589045524597168","1,7840451622009277","2,1809983253479004","1,2670089502258488","1,0","1,0","1,0","1,0","0,0",471,490,"480,08","480,0","3,7031878159229246",688,688,"688,0","688,0","0,0","722,5723861694336","3,776723861694336",50,688,688,"0,1","0,7",5,"6,44","5,99","6,36","5,73","5,03","4,56","4,67","4,45","7,02","7,43","8,34","6,47","6,11","6,78","5,83","4,8","3,98","12,43","12,09","9,59","9,12","14,45","14,81","12,89","10,63"
2,17,2025-11-04 13:48:20,2025-11-04 13:48:21,"1,337447","724,7838272094726","-98,4396884918213","511,4641449432373","545,4223272323609","151,49995675436543","3,7838382720947266","-1,386396884918213","1,710661449432373","1,9822232723236084","1,3161911268351973","1,0","0,0","0,98","1,0","0,13999999999999999",333,488,"476,82","479,5","20,9119009178984",689,347,"682,16","689,0","47,88","724,0763076782226","3,7817630767822266",50,689,689,"0,1","0,7",5,"6,41","5,87","6,3","5,64","4,9","4,71","4,89","4,54","6,87","7,18","8,36","6,6","6,16","6,69","5,8","5,02","4,06","12,28","11,94","9,61","9,43","14,05","14,96","12,85","10,82"
2,18,2025-11-04 13:48:21,2025-11-04 13:48:23,"1,333907","724,7838272094726","-92,89705810546877","518,4966482086182","572,2501689910889","156,62215722434794","3,7838382720947266","-1,4979705810546875","1,7775464820861817","2,2530016899108887","1,3820260851394017","1,0","0,0","0,98","1,0","0,13999999999999999",381,488,"477,68","480,0","14,329605716836733",689,390,"683,02","689,0","41,86","724,7838272094726","3,7838382720947266",50,689,689,"0,1","0,7",5,"6,67","5,94","6,01","5,65","5,12","4,5","4,92","4,5","6,8","7,12","8,32","6,56","6,22","6,64","5,87","5,12","4,05","12,61","11,66","9,62","9,42","13,92","14,88","12,86","10,99"
2,19,2025-11-04 13:48:23,2025-11-04 13:48:24,"1,198254","762,3322509765625","218,91356163024903","504,22822781372065","535,1280500411988","142,83078423254182","4,149322509765625","-1,2788643836975098","1,576202278137207","1,8867805004119873","1,4284208997016363","1,0","1,0","1,0","1,0","0,0",471,487,"478,92","479,0","3,47470862087744",689,689,"689,0","689,0","0,0","724,7838272094726","3,7838382720947266",50,689,689,"0,1","0,7",5,"6,26","5,89","6,25","5,57","5,42","4,43","4,73","4,52","6,87","7,13","8,34","6,17","6,24","6,54","5,96","5,44","4,22","12,15","11,82","9,85","9,25","14,0","14,51","12,78","11,4"
2,20,2025-11-04 13:48:24,2025-11-04 13:48:25,"1,222548","770,8549369812011","241,1087787628174","543,179690322876","577,2655990600585","122,36029844108727","4,144549369812012","-1,1519122123718262","1,8746969032287597","2,219655990600586","1,2250667698823146","1,0","1,0","1,0","1,0","0,0",469,487,"477,9","478,0","4,355456348076514",707,707,"707,0","707,0","0,0","762,3322509765625","4,149322509765625",50,707,707,"0,1","0,7",5,"6,46","5,88","6,19","5,44","5,55","4,55","4,67","4,5","6,66","6,97","8,28","6,36","6,25","6,4","6,06","5,35","4,42","12,34","11,63","10,1","9,17","13,63","14,64","12,65","11,41"
2,21,2025-11-04 13:48:25,2025-11-04 13:48:27,"1,245678","770,8549369812011","216,92323532104493","500,2520569381714","544,521092414856","152,2796420445643","4,144549369812012","-1,3897676467895508","1,445960569381714","1,8927109241485596","1,5228828639764598","1,0","1,0","1,0","1,0","0,0",469,488,"478,44","479,0","4,8131486575837235",707,707,"707,0","707,0","0,0","770,8549369812011","4,144549369812012",50,707,707,"0,1","0,7",5,"6,34","5,75","6,28","5,57","5,16","4,43","4,85","4,52","6,9","6,87","8,46","6,74","6,28","6,44","5,75","5,34","4,31","12,09","11,85","9,59","9,37","13,77","15,2","12,72","11,09"
2,22,2025-11-04 13:48:27,2025-11-04 13:48:28,"1,372288","770,8549369812011","169,36463737487793","501,65599137115476","525,2673175811767","162,9908561415939","4,144549369812012","-1,8713536262512207","1,459479913711548","1,6996731758117676","1,6301801376066472","1,0","1,0","1,0","1,0","0,0",466,488,"477,92","478,0","5,465674706749387",707,707,"707,0","707,0","0,0","770,8549369812011","4,144549369812012",50,707,707,"0,1","0,7",5,"6,43","5,89","6,21","5,45","5,12","4,51","4,96","4,71","6,94","7,08","8,62","6,64","5,88","6,09","5,74","5,31","4,42","12,32","11,66","9,63","9,67","14,02","15,26","11,97","11,05"
2,23,2025-11-04 13:48:28,2025-11-04 13:48:29,"1,242479","770,8549369812011","-111,92951354980471","489,7647191543578","532,4978118896483","181,63610495652284","4,144549369812012","-1,957289695739746","1,442627191543579","1,7689781188964844","1,5678971624345879","1,0","0,0","0,96","1,0","0,19595917942265426",371,485,"474,18","477,0","15,463104474845922",707,386,"697,84","707,0","48,5004577297988","770,8549369812011","4,144549369812012",50,707,707,"0,1","0,7",5,"6,34","5,97","6,52","5,54","5,24","4,48","4,94","4,8","6,91","6,94","8,36","6,46","5,59","6,04","5,98","5,17","4,73","12,31","12,06","9,72","9,74","13,85","14,82","11,63","11,15"
2,24,2025-11-04 13:48:29,2025-11-04 13:48:30,"1,242969","770,8549369812011","-115,3728343963623","453,5744000625611","459,85191078186034","211,73846922700096","4,144549369812012","-1,717061996459961","1,1595440006256104","1,0390191078186035","1,75172356923445","1,0","0,0","0,94","1,0","0,2374868417407584",316,483,"469,4","476,0","28,52297319705644",707,334,"687,12","707,0","79,05103161882201","770,8549369812011","4,144549369812012",50,707,707,"0,1","0,7",5,"6,38","5,64","6,42","5,6","5,18","4,64","5,01","5,14","6,78","6,87","8,1","6,36","5,54","6,01","6,19","5,42","4,73","12,02","12,02","9,82","10,15","13,65","14,46","11,55","11,61"
2,25,2025-11-04 13:48:30,2025-11-04 13:48:32,"1,222013","770,8549369812011","-137,36786499023435","473,5781946105957","502,72462730407716","187,9244048677536","4,144549369812012","-1,9596786499023438","1,2973619461059571","1,4642462730407715","1,5832128537175398","1,0","0,0","0,96","1,0","0,19595917942265428",355,481,"471,28","476,0","21,640739358903616",707,368,"693,94","707,0","64,0294963278644","770,8549369812011","4,144549369812012",50,707,707,"0,1","0,7",5,"6,27","5,78","6,44","5,57","5,17","4,76","5,3","4,99","6,72","7,0","7,94","6,31","5,76","5,89","5,98","5,26","4,85","12,05","12,01","9,93","10,29","13,72","14,25","11,65","11,24"
2,26,2025-11-04 13:48:32,2025-11-04 13:48:33,"1,222512","770,8549369812011","-194,43973579406736","440,83902893829344","407,1630809783935","198,74760918605682","4,144549369812012","-1,8403973579406738","1,0183102893829346","0,5111308097839355","1,7071826244834094","1,0","0,0","0,94","1,0","0,23748684174075838",204,484,"469,12","475,5","39,11503035918547",707,220,"689,84","707,0","78,21594722305676","770,8549369812011","4,144549369812012",50,707,707,"0,1","0,7",5,"6,33","6,0","6,19","5,49","5,09","4,74","5,33","4,96","6,45","7,15","8,12","6,46","5,52","6,07","5,98","5,24","4,89","12,33","11,68","9,83","10,29","13,6","14,58","11,59","11,22"
2,27,2025-11-04 13:48:33,2025-11-04 13:48:34,"1,236756","770,8549369812011","-264,3653022766113","478,1993944015503","574,8426219940186","194,92543067668493","4,144549369812012","-2,4316530227661133","1,338153944015503","2,213899612426758","1,7391026587229275","1,0","0,0","0,96","1,0","0,19595917942265428",187,483,"469,26","476,0","40,48792906533995",707,195,"694,62","707,0","72,92870216862492","770,8549369812011","4,144549369812012",50,707,707,"0,1","0,7",5,"6,04","6,22","6,1","5,44","5,46","4,38","5,1","4,66","6,76","7,06","8,31","6,28","5,54","6,08","5,73","5,86","4,98","12,26","11,54","9,84","9,76","13,82","14,59","11,62","11,59"
2,28,2025-11-04 13:48:34,2025-11-04 13:48:35,"1,219123","770,8549369812011","-194,64280071258543","420,4600266799926","410,3923341751099","234,5844694315716","4,144549369812012","-2,4274280071258545","0,9247402667999267","0,5444233417510986","1,8799927978967224","1,0","0,0","0,9","1,0","0,3",349,484,"469,54","477,0","26,46674139368124",707,366,"679,88","707,0","84,18851228047684","770,8549369812011","4,144549369812012",50,707,707,"0,1","0,7",5,"5,74","6,41","6,62","5,3","5,66","4,6","4,79","4,61","6,69","7,12","8,19","6,12","5,92","5,92","5,68","5,94","4,68","12,15","11,92","10,26","9,4","13,81","14,31","11,84","11,62"
2,29,2025-11-04 13:48:35,2025-11-04 13:48:37,"1,225536","770,8549369812011","-187,1534242630005","456,4628056297302","549,503358078003","227,42825171180263","4,144549369812012","-2,356534242630005","1,1878680562973023","1,9380335807800293","1,86827666704243","1,0","0,0","0,94","1,0","0,23748684174075838",350,488,"468,34","476,0","28,245077447229633",707,363,"687,02","707,0","79,1455595722211","770,8549369812011","4,144549369812012",50,707,707,"0,1","0,7",5,"6,17","6,27","6,94","5,3","5,21","4,5","5,05","4,71","6,55","6,93","8,04","6,54","5,53","5,78","6,02","5,54","4,91","12,44","12,24","9,71","9,76","13,48","14,58","11,31","11,56"
2,30,2025-11-04 13:48:37,2025-11-04 13:48:38,"1,372507","770,8549369812011","158,6717258453369","451,1044749374389","421,5955574035645","166,1262306885925","4,144549369812012","-1,9742827415466309","0,9984247493743896","0,6589555740356445","1,705565925739903","1,0","0,0","0,98","1,0","0,13999999999999999",470,484,"477,18","478,0","3,1603164398521866",707,555,"703,96","707,0","21,28","770,8549369812011","4,144549369812012",50,707,707,"0,1","0,7",5,"5,74","6,34","7,18","5,42","5,11","4,86","4,82","4,68","6,84","7,14","8,03","6,41","5,62","5,94","6,11","5,2","4,56","12,08","12,6","9,97","9,5","13,98","14,44","11,56","11,31"
2,31,2025-11-04 13:48:38,2025-11-04 13:48:39,"1,182069","770,8549369812011","-245,5183256149292","455,90060480880743","468,6149364471436","209,10299929713042","4,144549369812012","-2,5516600608825684","1,1366260480880737","1,1301493644714355","1,7271919239741254","1,0","0,0","0,96","1,0","0,19595917942265428",173,483,"469,42","478,0","44,59017380544732",707,182,"690,36","707,0","84,38359082191276","770,8549369812011","4,144549369812012",50,707,707,"0,1","0,7",5,"5,81","6,25","7,3","5,36","5,24","4,86","4,5","4,72","6,86","7,22","8,11","6,42","5,76","5,92","6,14","5,01","4,52","12,06","12,66","10,1","9,22","14,08","14,53","11,68","11,15"
2,32,2025-11-04 13:48:39,2025-11-04 13:48:40,"1,179088","770,8549369812011","-271,6388595581055","461,10559782028207","481,86938247680666","201,8982350633115","4,144549369812012","-2,4283885955810547","1,19015597820282","1,2601938247680664","1,6167008443642523","1,0","0,0","0,96","1,0","0,19595917942265426",163,485,"467,1","476,0","46,8667259364253",707,175,"689,6","707,0","87,42196520325999","770,8549369812011","4,144549369812012",50,707,707,"0,1","0,7",5,"6,02","5,88","6,76","5,39","5,34","4,78","4,87","4,7","6,82","7,14","8,18","6,29","5,66","5,99","6,08","5,26","4,84","11,9","12,15","10,12","9,57","13,96","14,47","11,65","11,34"
2,33,2025-11-04 13:48:40,2025-11-04 13:48:42,"1,207981","770,8549369812011","-279,8539073944092","465,7102437858582","504,1455657958984","209,2649993754865","4,144549369812012","-2,8409602642059326","1,2347224378585815","1,4834556579589844","1,6949320978605087","1,0","0,0","0,96","1,0","0,19595917942265426",163,485,"468,42","477,0","45,73623946062903",707,171,"690,16","707,0","85,64493213261365","770,8549369812011","4,144549369812012",50,707,707,"0,1","0,7",5,"6,07","5,99","6,66","5,49","5,32","5,0","4,7","4,87","6,84","6,92","8,34","6,28","5,6","5,8","6,14","5,31","4,68","12,06","12,15","10,32","9,57","13,76","14,62","11,4","11,45"
2,34,2025-11-04 13:48:42,2025-11-04 13:48:43,"1,240823","770,8549369812011","-197,1489776611328","488,31425602722163","520,7089387893677","180,11972406721333","4,144549369812012","-2,282489776611328","1,4783625602722168","1,754094123840332","1,6422007003477308","1,0","0,0","0,94","1,0","0,23748684174075838",314,484,"473,22","477,0","23,216623354829185",707,325,"693,6","707,0","60,05663993265024","770,8549369812011","4,144549369812012",50,707,707,"0,1","0,7",5,"6,2","6,12","6,6","5,53","5,29","4,99","4,78","4,84","6,87","6,78","8,2","6,26","5,66","5,83","5,94","5,41","4,69","12,32","12,13","10,28","9,62","13,65","14,46","11,49","11,35"
2,35,2025-11-04 13:48:43,2025-11-04 13:48:44,"1,367783","770,8549369812011","-220,51579360961915","500,7503773040772","538,1443946838378","171,3339519842349","4,144549369812012","-2,7421579360961914","1,5101837730407714","1,825943946838379","1,4982208915164215","1,0","0,0","0,98","1,0","0,13999999999999999",363,483,"474,98","478,0","16,486952416987197",707,380,"700,46","707,0","45,78","770,8549369812011","4,144549369812012",50,707,707,"0,1","0,7",5,"6,04","5,89","7,04","5,47","5,49","5,2","4,54","4,77","6,99","6,68","8,26","6,12","5,53","5,9","6,2","5,32","4,56","11,93","12,51","10,69","9,31","13,67","14,38","11,43","11,52"
2,36,2025-11-04 13:48:44,2025-11-04 13:48:45,"1,224966","770,8549369812011","-116,09833755493162","502,05444503021243","547,0170854568481","169,03591710919554","4,144549369812012","-1,9069833755493164","1,5620244503021241","2,0500972270965576","1,5630519692963805","1,0","0,0","0,96","1,0","0,19595917942265426",414,484,"474,58","476,0","9,664553792079591",707,432,"698,62","707,0","43,092871800333754","770,8549369812011","4,144549369812012",50,707,707,"0,1","0,7",5,"5,95","5,8","6,52","5,6","5,78","5,1","4,84","4,61","6,8","6,98","8,26","6,04","5,6","5,67","6,0","5,62","4,83","11,75","12,12","10,88","9,45","13,78","14,3","11,27","11,62"
2,37,2025-11-04 13:48:45,2025-11-04 13:48:47,"1,408507","770,8549369812011","-79,47041435241698","485,9147134552002","531,4853610992432","179,90954396563737","4,144549369812012","-1,62770414352417","1,410387134552002","1,7498536109924316","1,5175570847097035","1,0","0,0","0,96","1,0","0,19595917942265428",413,483,"473,34","475,0","11,477996340825346",707,432,"696,42","707,0","51,87372745427112","770,8549369812011","4,144549369812012",50,707,707,"0,1","0,7",5,"6,32","5,71","6,59","5,49","6,02","5,01","4,83","4,71","6,64","6,87","8,34","6,0","5,46","5,48","6,03","5,62","4,89","12,03","12,08","11,03","9,54","13,51","14,34","10,94","11,65"
2,38,2025-11-04 13:48:47,2025-11-04 13:48:48,"1,366577","770,8549369812011","-180,57344284057615","467,8031957206726","573,2900676727295","244,3563056876111","4,144549369812012","-2,0264317989349365","1,4424719572067262","2,172900676727295","1,7219504545140336","1,0","0,0","0,9","1,0","0,3",222,483,"459,14","475,5","54,69552449698238",707,228,"668,94","707,0","116,34421515485847","770,8549369812011","4,144549369812012",50,707,707,"0,1","0,7",5,"6,38","5,77","6,8","5,39","5,76","4,87","4,86","4,76","6,73","6,82","8,28","6,08","5,63","5,38","5,96","5,63","4,89","12,15","12,19","10,63","9,62","13,55","14,36","11,01","11,59"
2,39,2025-11-04 13:48:48,2025-11-04 13:48:50,"1,370062","770,8549369812011","-170,01285591125486","504,55468673706054","555,0614139556885","168,36768385885134","4,144549369812012","-1,8711285591125488","1,5985468673706054","2,064760208129883","1,494415813271792","1,0","0,0","0,96","1,0","0,19595917942265428",274,485,"472,6","477,5","28,820825803574746",707,289,"695,92","707,0","61,16889405572083","770,8549369812011","4,144549369812012",50,707,707,"0,1","0,7",5,"5,99","5,71","6,99","5,52","5,29","5,22","4,55","4,82","6,5","7,12","8,44","6,25","5,62","5,7","6,15","5,44","4,69","11,7","12,51","10,51","9,37","13,62","14,69","11,32","11,59"
2,40,2025-11-04 13:48:50,2025-11-04 13:48:51,"1,401107","770,8549369812011","-193,49279994964598","497,4448922538758","552,9551008224487","186,69754331525922","4,144549369812012","-2,27292799949646","1,4785489225387574","1,9640510082244873","1,672853644877312","1,0","0,0","0,98","1,0","0,13999999999999999",312,485,"471,4","474,0","23,380333616097094",707,330,"699,46","707,0","52,779999999999994","770,8549369812011","4,144549369812012",50,707,707,"0,1","0,7",5,"6,01","5,55","6,52","5,46","5,46","5,19","4,69","4,8","6,7","7,21","8,25","6,16","5,49","5,75","6,02","5,68","5,07","11,56","11,98","10,65","9,49","13,91","14,41","11,24","11,7"
2,41,2025-11-04 13:48:51,2025-11-04 13:48:52,"1,226573","770,8549369812011","166,8422424316406","506,4380996322632","554,4442985534668","151,5211509988978","4,144549369812012","-1,8935775756835938","1,5042809963226318","1,983942985534668","1,5153141805507364","1,0","1,0","1,0","1,0","0,0",464,484,"474,9","475,5","5,657738063926254",707,707,"707,0","707,0","0,0","770,8549369812011","4,144549369812012",50,707,707,"0,1","0,7",5,"5,93","5,44","6,66","5,44","5,37","5,04","4,92","4,62","6,78","7,1","8,38","6,44","5,27","5,92","6,16","5,5","5,02","11,37","12,1","10,41","9,54","13,88","14,82","11,19","11,66"
2,42,2025-11-04 13:48:52,2025-11-04 13:48:53,"1,212005","770,8549369812011","-103,56398048400877","522,8932682266236","571,9222400665283","166,49810628664795","4,144549369812012","-1,791639804840088","1,7581926822662353","2,158722400665283","1,5223855021181294","1,0","0,0","0,96","1,0","0,19595917942265428",424,485,"473,66","473,5","8,900808951999812",707,436,"700,88","707,0","38,15580689750906","770,8549369812011","4,144549369812012",50,707,707,"0,1","0,7",5,"6,08","5,51","6,25","5,45","5,47","4,95","4,92","4,74","6,73","6,94","8,34","6,47","5,28","5,86","5,93","6,05","5,03","11,59","11,7","10,42","9,66","13,67","14,81","11,14","11,98"
2,43,2025-11-04 13:48:53,2025-11-04 13:48:55,"1,217089","770,8549369812011","-115,5837516784668","480,2591444015503","523,0552833557128","168,67516367789028","4,144549369812012","-1,550837516784668","1,304091444015503","1,662552833557129","1,5132321647596738","1,0","0,0","0,98","1,0","0,13999999999999999",330,484,"470,3","472,0","20,725105548585272",707,345,"699,76","707,0","50,68000000000001","770,8549369812011","4,144549369812012",50,707,707,"0,1","0,7",5,"5,88","5,48","6,61","5,62","5,38","4,98","4,93","4,71","6,4","6,9","8,31","6,46","5,22","5,98","6,05","5,72","5,36","11,36","12,23","10,36","9,64","13,3","14,77","11,2","11,77"
2,44,2025-11-04 13:48:55,2025-11-04 13:48:56,"1,234039","770,8549369812011","201,36242485046387","482,3593197555542","526,2360153198242","155,9604616153507","4,144549369812012","-1,5463757514953613","1,261873197555542","1,7023601531982422","1,5608028825344007","1,0","1,0","1,0","1,0","0,0",462,483,"473,28","473,0","4,686320518274438",707,707,"707,0","707,0","0,0","770,8549369812011","4,144549369812012",50,707,707,"0,1","0,7",5,"5,65","5,37","6,91","5,58","5,55","4,95","4,77","4,71","6,5","6,99","7,98","6,52","5,23","6,14","6,13","5,68","5,34","11,02","12,49","10,5","9,48","13,49","14,5","11,37","11,81"
2,45,2025-11-04 13:48:56,2025-11-04 13:48:57,"1,226448","770,8549369812011","204,81844100952148","499,7340684051514","538,0740295410156","147,59703915494495","4,144549369812012","-1,5178155899047852","1,4362206840515137","1,8197402954101562","1,477126801263853","1,0","1,0","1,0","1,0","0,0",467,483,"473,88","473,0","4,101901997854166",707,707,"707,0","707,0","0,0","770,8549369812011","4,144549369812012",50,707,707,"0,1","0,7",5,"5,66","5,38","7,03","5,61","5,66","4,87","4,93","4,84","6,47","6,78","7,76","6,49","5,46","6,09","5,98","5,76","5,22","11,04","12,64","10,53","9,77","13,25","14,25","11,55","11,74"
2,46,2025-11-04 13:48:57,2025-11-04 13:48:58,"1,223808","770,8549369812011","268,09131011962893","516,9630710906982","549,615577507019","147,02297709424178","4,144549369812012","-0,8800868988037109","1,6088107109069825","1,9331557750701904","1,4704095241340236","1,0","1,0","1,0","1,0","0,0",467,484,"474,18","473,5","4,231737231917879",707,707,"707,0","707,0","0,0","770,8549369812011","4,144549369812012",50,707,707,"0,1","0,7",5,"5,88","5,52","6,32","5,59","5,62","4,92","5,04","4,48","6,79","6,94","7,78","6,82","5,64","5,88","5,81","5,81","5,16","11,4","11,91","10,54","9,52","13,73","14,6","11,52","11,62"
2,47,2025-11-04 13:48:58,2025-11-04 13:49:00,"1,228156","770,8549369812011","-180,5190492630005","489,4141544914245","529,6312145233155","178,77793780658394","4,144549369812012","-2,204190492630005","1,3970415449142457","1,7298121452331543","1,5953668812893498","1,0","0,0","0,98","1,0","0,13999999999999999",326,487,"471,7","473,5","21,5176671598015",707,345,"699,76","707,0","50,68000000000001","770,8549369812011","4,144549369812012",50,707,707,"0,1","0,7",5,"6,04","5,35","6,43","5,42","5,4","4,82","4,99","4,76","6,76","7,08","8,1","6,59","5,52","5,84","6,08","5,75","5,08","11,39","11,85","10,22","9,75","13,84","14,69","11,36","11,83"
2,48,2025-11-04 13:49:00,2025-11-04 13:49:01,"1,236318","770,8549369812011","223,92703704833986","501,57034941101074","522,9083812713623","152,57987901181536","4,144549369812012","-1,3287296295166016","1,4566634941101073","1,666083812713623","1,5270141137608013","1,0","1,0","1,0","1,0","0,0",467,485,"475,96","476,5","4,8206223664585055",707,707,"707,0","707,0","0,0","770,8549369812011","4,144549369812012",50,707,707,"0,1","0,7",5,"5,91","5,46","6,9","5,56","5,39","4,87","4,84","4,7","6,74","7,15","8,32","6,64","5,46","6,01","5,88","5,37","4,81","11,37","12,46","10,26","9,54","13,89","14,96","11,47","11,25"
2,49,2025-11-04 13:49:01,2025-11-04 13:49:02,"1,232163","770,8549369812011","163,60437202453613","460,23004705810547","420,46967334747313","156,44664582006834","4,144549369812012","-1,9189562797546387","1,0445604705810547","0,6476967334747314","1,5638831379998068","1,0","1,0","1,0","1,0","0,0",464,485,"477,26","478,0","4,444367221551342",707,707,"707,0","707,0","0,0","770,8549369812011","4,144549369812012",50,707,707,"0,1","0,7",5,"5,69","5,58","7,17","5,79","5,18","4,82","4,65","4,92","6,66","7,21","8,3","6,47","5,55","6,06","6,18","5,22","4,55","11,27","12,96","10,0","9,57","13,87","14,77","11,61","11,4"
2,50,2025-11-04 13:49:02,2025-11-04 13:49:03,"1,324592","770,8549369812011","167,1273578643799","511,81347621917723","535,7996376037597","137,99874365288267","4,144549369812012","-1,8927264213562012","1,6067347621917725","1,892228126525879","1,4126541772730299","1,0","0,0","0,98","1,0","0,13999999999999999",467,484,"475,5","475,0","4,775981574503821",707,526,"703,38","707,0","25,340000000000003","770,8549369812011","4,144549369812012",50,707,707,"0,1","0,7",5,"5,95","5,4","6,58","5,8","5,24","4,7","5,11","4,6","6,96","7,04","8,31","6,47","5,25","5,81","6,21","5,66","4,9","11,35","12,38","9,94","9,71","14,0","14,78","11,06","11,87"
2,51,2025-11-04 13:49:03,2025-11-04 13:49:05,"1,369941","770,8549369812011","-206,17835197448733","473,0091860580445","490,4001459121704","191,34117697323666","4,144549369812012","-1,9427776336669922","1,3022918605804443","1,345001459121704","1,577679984216964","1,0","0,0","0,96","1,0","0,19595917942265428",201,483,"467,9","474,5","40,430805087210416",707,212,"691,14","707,0","80,1563497172869","770,8549369812011","4,144549369812012",50,707,707,"0,1","0,7",5,"6,12","5,21","6,47","5,72","5,4","4,75","5,13","4,7","6,82","6,97","8,33","6,42","5,24","6,02","6,05","5,67","4,98","11,33","12,19","10,15","9,83","13,79","14,75","11,26","11,72"
2,52,2025-11-04 13:49:05,2025-11-04 13:49:06,"1,320079","770,8549369812011","194,2986141204834","499,6346998825073","525,6532249450684","150,14971511489435","4,144549369812012","-1,618013858795166","1,4362069988250732","1,6965322494506836","1,5024710885897747","1,0","1,0","1,0","1,0","0,0",468,482,"474,86","474,0","4,50337651101926",707,707,"707,0","707,0","0,0","770,8549369812011","4,144549369812012",50,707,707,"0,1","0,7",5,"6,1","5,36","6,39","5,64","5,66","4,88","5,12","4,76","6,74","7,04","8,3","6,46","5,03","5,84","6,01","5,64","5,03","11,46","12,03","10,54","9,88","13,78","14,76","10,87","11,65"
2,53,2025-11-04 13:49:06,2025-11-04 13:49:07,"1,234219","770,8549369812011","201,0840805053711","532,2002645492554","550,819047164917","145,9577052964","4,144549369812012","-1,547159194946289","1,7610026454925538","1,95119047164917","1,4598080880831048","1,0","1,0","1,0","1,0","0,0",467,481,"474,0","474,0","3,8418745424597094",707,707,"707,0","707,0","0,0","770,8549369812011","4,144549369812012",50,707,707,"0,1","0,7",5,"6,26","5,25","6,06","5,46","5,71","4,94","5,23","4,89","6,64","6,81","8,38","6,35","5,02","5,74","6,1","5,96","5,2","11,51","11,52","10,65","10,12","13,45","14,73","10,76","12,06"
2,54,2025-11-04 13:49:07,2025-11-04 13:49:09,"1,214875","770,8549369812011","-127,03629035949706","487,99068707275393","547,0273225784301","185,79190952250656","4,144549369812012","-2,074270248413086","1,3965268707275391","1,9147732257843018","1,6731884713916505","1,0","0,0","0,98","1,0","0,13999999999999999",167,485,"468,72","474,0","43,32068328177662",707,178,"696,42","707,0","74,06","770,8549369812011","4,144549369812012",50,707,707,"0,1","0,7",5,"6,06","5,11","6,37","5,49","5,5","5,03","4,97","4,96","6,8","7,04","8,34","6,36","5,36","5,92","6,05","5,62","5,02","11,17","11,86","10,53","9,93","13,84","14,7","11,28","11,67"
2,55,2025-11-04 13:49:09,2025-11-04 13:49:10,"1,220083","770,8549369812011","-66,06758613586425","496,94416286468504","493,7966896057129","157,25295091728796","4,144549369812012","-1,8336758613586426","1,4567416286468506","1,374466896057129","1,4307587910504203","1,0","0,0","0,98","1,0","0,13999999999999999",467,483,"474,5","474,5","4,036087214122113",707,529,"703,44","707,0","24,919999999999998","770,8549369812011","4,144549369812012",50,707,707,"0,1","0,7",5,"5,83","5,35","6,25","5,4","5,6","5,09","5,0","5,19","6,7","6,98","8,16","6,08","5,4","6,04","5,93","5,9","5,1","11,18","11,65","10,69","10,19","13,68","14,24","11,44","11,83"
2,56,2025-11-04 13:49:10,2025-11-04 13:49:11,"1,25102","770,8549369812011","-249,79202270507812","465,2942516212463","457,5517084121704","206,90057494340493","4,144549369812012","-2,4266855716705322","1,2370625162124633","1,011017084121704","1,6548465961371004","1,0","0,0","0,96","1,0","0,19595917942265428",190,484,"464,32","473,5","50,31279757675973",707,198,"688,04","707,0","93,14804560483273","770,8549369812011","4,144549369812012",50,707,707,"0,1","0,7",5,"6,0","5,26","6,25","5,4","5,35","4,9","5,07","4,84","6,73","7,0","8,36","6,35","5,23","6,03","6,16","5,97","5,12","11,26","11,65","10,25","9,91","13,73","14,71","11,26","12,13"
